3270 5190
886 441 925 502 14

314 625 412 696 sunt,
437 614 491 682 sed
516 614 599 680 banc
624 612 815 697 elegantiam
841 609 986 678 maculae
1006 611 1161 697 quaedam
1186 612 1368 679 obscurant.
1418 612 1501 694 Quid

315 722 375 787 sibi
401 720 469 786 ruit
492 720 527 785 τί
551 720 584 784 in
613 720 676 808 [τὸ]
707 726 762 794 τῆς
786 718 859 798 ὑπὲρ
887 715 1059 799 χρημάτων
1084 719 1301 800 παρανομίαςί
1338 719 1501 804 interpres

315 828 361 893 ita
385 827 509 912 accepit
542 824 635 911 quasi
671 831 755 888 esset
787 843 844 909 pro
876 822 1004 905 ἤρξαντο
1028 824 1059 888 δὲ
1083 825 1217 899 ἀθληταὶ
1243 825 1294 890 καί
1328 826 1402 905 ὑπὲρ
1426 848 1501 904 χρη-

314 931 423 1011 ριάτων
448 939 636 1011 παρανοριεῖν
670 928 735 993 »les
763 927 899 994 athletos
931 937 1153 994 connnencent
1177 930 1263 994 aussi
1289 929 1307 994 d
1334 929 1432 995 violer
1456 928 1502 994 les

316 1038 374 1102 lois
399 1037 454 1122 qui
476 1033 649 1119 regardent
672 1032 858 1117 l'argent‚”
884 1055 964 1120 quas
980 1033 1067 1119 leges
1089 1032 1193 1100 nutias
1223 1055 1375 1121 umquam
1402 1034 1503 1099 fuisse

316 1140 408 1207 facile
439 1138 519 1204 mibi
553 1136 653 1202 dabis.
709 1136 830 1204 Pendet
860 1148 916 1216 τῆς
949 1141 1023 1222 ὑπὲρ
1054 1139 1225 1221 χρημάτων
1258 1141 1452 1220 παρανομίαις
1485 1159 1502 1203 a

316 1246 424 1312 verbis
458 1246 493 1311 τί
529 1241 605 1310 οὕτω
641 1247 764 1327 τρνςθάν
804 1242 890 1326 ἦρξεν
925 1247 1088 1319 ἀθληταῖς.
1146 1244 1287 1310 Luxuria
1324 1245 1504 1311 rectissime

316 1350 446 1417 athletis
470 1371 562 1415 οοιιισ
592 1347 692 1414 fuisse
723 1347 844 1415 dicitur
868 1370 927 1416 cur
952 1358 1081 1436 accepta
1106 1339 1244 1436 pecunia
1277 1349 1362 1434 leges
1386 1350 1504 1415 violare

317 1457 505 1543 coepissent.
553 1455 588 1519 Iu
616 1456 654 1519 iis
678 1475 760 1541 quae
791 1464 974 1542 sequuntur
1002 1456 1112 1522 eadem
1146 1475 1242 1521 causa
1274 1454 1421 1520 redditur
1445 1475 1504 1519 cur

317 1563 470 1627 uictorias
492 1568 523 1625 et
551 1559 726 1626 venderent
753 1568 785 1626 et
809 1569 964 1627 emerent.
1012 1561 1124 1648 ltaque
1156 1560 1383 1628 scribendum:
1418 1556 1503 1640 ἦρξεν

317 1670 469 1740 ἀθληταῖς
493 1701 538 1712 -
559 1665 610 1730 καί
636 1669 689 1729 τοῦ
716 1663 790 1752 (non
813 1665 862 1752 τὸ)
889 1674 1003 1731 πωλεῖν
1024 1691 1059 1733 τε
1083 1666 1135 1733 καί
1162 1669 1300 1734 ἀνεῖσθαι
1322 1666 1381 1740 τοῖς
1406 1665 1503 1739 νίκας.

318 1772 380 1837 Res
409 1768 457 1834 rei
489 1788 526 1833 ex
559 1789 592 1834 se
626 1770 694 1854 ipsa
726 1777 868 1854 spectata
892 1771 970 1835 satis
993 1779 1043 1836 est
1074 1773 1266 1858 perspicua,
1296 1771 1352 1836 sed
1376 1791 1503 1836 omnem

319 1877 552 1943 dubitationem
579 1875 696 1941 eximet
721 1875 789 1961 ipsa
812 1874 873 1940 ioci
904 1876 1111 1961 corrrpositio:
1143 1876 1231 1956 δριμὺ
1264 1876 1321 1952 μὲν
1355 1914 1409 1953 -,
1435 1875 1503 1957 ἦρξε

319 1983 350 2048 δὲ
374 1982 425 2048 καί
451 1981 596 2056 -καί,
620 1999 702 2064 quae
726 1980 843 2045 elamat
867 1979 945 2063 baec
968 1982 1074 2045 omnia
1093 1979 1132 2045 ad
1156 1982 1191 2046 τὸ
1211 1976 1287 2044 οὕτω
1311 1985 1432 2063 τροφοῖν
1459 2001 1505 2045 re-

320 2087 408 2154 ferri.
457 2084 519 2152 Sed
541 2084 618 2171 quid
638 2106 696 2170 ego
720 2085 798 2151 baec
830 2083 983 2170 disputo?
1032 2086 1159 2152 Testem
1184 2084 1342 2150 babemus
1365 2083 1505 2171 locupie-

321 2204 385 2259 tem
411 2200 443 2258 et
467 2193 714 2276 incorruptum,
738 2191 831 2256 cuius
852 2189 1044 2255 auctoritate
1068 2197 1138 2257 tuto
1171 2191 1250 2256 stari
1274 2192 1401 2276 poterit.
1451 2191 1505 2255 Le·

321 2301 410 2384 gitur
434 2299 461 2362 is
485 2298 560 2382 ipsc¹
576 2297 664 2362 iocus
686 2298 719 2361 in
744 2297 925 2362 Monacensi
947 2295 1082 2375 Codice,
1116 2297 1201 2363 unde
1224 2295 1403 2382 fragmenta
1431 2296 1507 2361 libri

321 2403 388 2485 περί
416 2410 613 2481 Γνριναςιιωῖς
643 2402 807 2488 Kayserus
834 2398 944 2466 edidit.
993 2401 1170 2468 Emendate
1194 2405 1225 2466 iu
1259 2421 1295 2466 eo
1319 2400 1400 2466 libro
1427 2402 1506 2466 sori·

240 2500 243 2505 ¹
322 2520 414 2595 [itum
440 2516 487 2571 est
513 2505 581 2587 ἦρξε
606 2506 637 2570 δὲ
660 2507 812 2579 ἀθληταῖς
844 2505 896 2571 καί
928 2513 983 2579 τοῖς
1004 2544 1050 2555 -
1073 2506 1125 2572 καί
1150 2513 1204 2572 τοῖν
1235 2517 1360 2572 πωλεῖν.
1409 2507 1508 2572 Recte

323 2612 406 2678 idem
429 2613 472 2683 είς
505 2611 687 2693 ἀφροδισίων
721 2609 843 2692 θρριάς
876 2610 1016 2675 servavit
1047 2630 1104 2696 pro
1127 2613 1240 2692 θρριθν,
1269 2619 1300 2676 et
1333 2611 1505 2676 absurdam

322 2715 470 2803 copulam
507 2716 627 2781 mmttit
651 2719 684 2780 iu
711 2736 778 2800 sqq.
811 2718 836 2782 οἱ
864 2715 920 2794 μὲν
945 2714 1009 2794 νάρ
1045 2715 1125 2802 [καὶ]
1159 2717 1373 2794 ἀποδίδονται,
1410 2736 1506 2800 quam

323 2821 442 2907 absquo
455 2842 491 2886 eo
512 2820 626 2887 suisset
639 2823 860 2907 unusquisque
873 2819 1117 2907 expungendam
1140 2841 1209 2887 esse
1230 2829 1354 2907 poterat
1376 2823 1505 2886 sentire.

322 2926 456 3005 Editor,
482 2929 601 2992 mirum
634 2925 743 3004 dictu,
774 2947 866 2993 varas
889 2927 1043 2993 lectiones
1066 2947 1084 2993 e
1109 2928 1250 3015 Kaysero
1280 2927 1430 2992 excitarit
1452 2926 1507 2992 sed

551 3033 627 3098 oi'rou
651 3032 798 3114 παρόντος
822 3031 885 3108 ίξος
910 3031 1022 3113 ἀράσθη
1047 3033 1171 3110 λαβεῖν.

324 3139 425 3219 Quam
452 3137 563 3203 veliem
588 3140 619 3201 in
646 3137 755 3202 eodem
787 3136 900 3201 Codice
929 3143 1093 3202 exstarent
1121 3155 1155 3200 ea
1181 3156 1307 3221 quoque
1331 3156 1412 3220 quae
1435 3157 1507 3201 cou-

322 3246 415 3309 tinuo
439 3251 640 3328 sequuntur,
665 3259 810 3328 quaeque
841 3239 922 3304 mibi
947 3240 1077 3325 quidem
1102 3239 1260 3305 Minoidea
1286 3242 1388 3324 magis
1412 3259 1507 3325 quam

323 3349 536 3415 Philostratra
571 3366 639 3413 esse
672 3345 832 3410 videntur.
889 3344 938 3410 Eu
969 3343 1096 3410 locum:
1133 3344 1185 3409 καί
1220 3347 1369 3426 ἀργυροῦν
1403 3346 1460 3424 μὲν
1490 3347 1507 3422 ἀ

323 3460 455 3537 χρυσοῦν
478 3452 662 3535 περισπῶντι
686 3448 868 3528 ἀνοίθηριαῆ
893 3450 1094 3533 διαφθείροντι
1117 3454 1206 3531 epoto
1231 3453 1256 3517 oi
1282 3451 1386 3529 νόμον,
1415 3454 1452 3524 οῖς
1478 3453 1508 3516 ἐν

323 3558 504 3641 ῖεροσωλίαις
529 3555 611 3630 ι’ίντος
645 3554 810 3643 [ποιοῦσι],
834 3556 962 3639 ςέςθονσι
987 3555 1018 3621 δὲ
1038 3557 1233 3630 Ἀπθλλωνος
1257 3557 1274 3633 ἀ
1306 3557 1508 3634 Ποσειδῶνος,

324 3667 397 3746 ὑπὲρ
418 3662 452 3730 οὗ
482 3664 534 3730 καῖ
566 3663 656 3728 αὐτοί
678 3688 713 3727 τε
738 3663 763 3726 οῖ
788 3659 844 3726 θεοί
874 3662 963 3741 μέγα
992 3662 1137 3738 ἤθλησαν.
1181 3663 1294 3728 ’Άδεια
1317 3662 1374 3741 μὲν
1404 3662 1509 3727 ἀποδί-

322 3773 442 3847 δοσθαι,
466 3769 555 3836 ἀδεια
578 3769 609 3835 δὲ
633 3768 781 3833 ἀνεῖσθαι.
829 3767 946 3832 Locum
971 3787 988 3832 a
1013 3768 1108 3855 Myna
1133 3767 1360 3853 interpolatum
1385 3787 1454 3833 esse
1478 3775 1510 3832 et

323 3884 445 3942 temere
477 3874 659 3962 suppletum
692 3872 794 3938 multa
826 3871 1057 3938 demonstrant.
1107 3873 1243 3939 Dederat
1265 3875 1406 3958 primum
1430 3897 1509 3953 περι-

323 3987 438 4047 σπῶντι
461 3979 625 4058 ἀναλαα,
657 3978 826 4043 substituit
862 3985 971 4064 postea
1002 3985 1187 4060 asprandum
1211 3979 1368 4058 ἀνάθηραα.
1417 3978 1509 4044 Dein·

324 4084 418 4150 dein
445 4084 627 4170 apographo
656 4084 807 4168 scripsit:
833 4084 922 4164 θργην
946 4086 972 4150 οῖ
997 4084 1079 4163 νθροοι
1104 4088 1142 4158 ἀς
1165 4086 1194 4150 ἐν
1216 4084 1398 4168 ίεροσνλίαις
1427 4082 1509 4156 ὄντος

325 4240 332 4255 .
359 4241 365 4255 .
391 4189 520 4273 ςέφονσι
545 4190 577 4256 δὲ
601 4187 824 4268 Ἀπόλλωνος,
861 4188 916 4255 sed
946 4191 1014 4276 ipse
1043 4197 1209 4277 tamquam
1233 4210 1272 4256 ex
1298 4188 1411 4256 Codice
1444 4189 1510 4256 edi-

298 4295 388 4362 dit:
413 4297 503 4377 ίρηην
522 4297 548 4361 οἱ
572 4295 655 4375 νθροοι
679 4297 705 4362 οἱ
727 4295 794 4376 περί
827 4294 1056 4374 ἀναθημάτων·
1087 4296 1139 4360 καί
1165 4298 1195 4360 ἐν
1220 4296 1401 4377 ῖεροσνλίαις
1425 4295 1508 4370 ίντες

324 4401 477 4480 ε’πάρονσι
502 4402 635 4485 ςέφανον
659 4401 690 4468 δὲ
717 4401 923 4473 Ἀπόλλωνος.
973 4399 1084 4466 Editor
1115 4406 1231 4466 ποιοῦσι
1266 4399 1304 4467 de
1336 4422 1393 4468 suo
1425 4403 1510 4466 inse-

325 4509 390 4574 ruit
422 4528 495 4574 cum
525 4507 584 4574 hac
617 4508 841 4574 annotatione:
880 4505 941 4572 »Le
975 4512 1122 4572 contexte
1146 4507 1285 4575 rdclame
1309 4506 1509 4575 absolumeut
