3270 5190
871 461 888 526 '4

286 632 390 700 uiniae
410 637 673 724 conspicerentur
694 657 792 705 ausus
812 645 861 704 est
880 637 1051 703 temeraria
1071 636 1315 723 interpolatione
1337 637 1368 704 id
1386 637 1470 726 quod

285 736 410 806 deesset
433 761 470 808 ao
500 741 647 810 funditus
672 743 875 810 intercidisse
905 742 1070 809 rideretur
1096 741 1245 828 supplere
1276 743 1315 809 cle
1343 763 1401 809 suo
1434 765 1471 810 ac

286 843 377 911 nohis
399 867 457 932 pro
482 847 702 916 Philostrateis
726 869 762 915 ca
786 868 867 934 quae
891 848 960 934 ipse
992 846 1165 913 admodum
1192 847 1362 915 infeliciter
1387 870 1470 914 eom·

244 1020 247 1026 ,
286 958 416 1017 mentus
436 961 519 1018 esset
543 953 725 1019 obtrudere.
759 953 818 1020 Sed
843 953 931 1019 lraus
956 952 1125 1018 manifesta
1148 960 1197 1017 cst
1218 961 1248 1018 et
1268 954 1471 1020 multislocis

286 1055 435 1141 perpluit.
483 1058 756 1124 Paucissinrorum
777 1066 826 1124 est
849 1058 1024 1123 orationem
1047 1057 1200 1123 Graecam
1222 1068 1382 1137 ueterem,
1408 1060 1472 1124 nisi

286 1160 360 1243 quis
389 1170 539 1228 centones
570 1184 607 1229 ex
638 1165 716 1250 ipsis
749 1163 878 1230 Graccis
901 1182 1056 1228 consuere
1085 1162 1179 1240 velit,
1215 1163 1261 1228 sic
1289 1164 1410 1229 imitari
1437 1172 1471 1229 ut

285 1283 348 1328 non
373 1267 481 1332 statim
508 1268 547 1332 ah
570 1270 610 1334 iis
630 1271 685 1355 qui
709 1269 828 1335 Graece
852 1269 956 1333 sciant
986 1276 1018 1333 et
1047 1276 1187 1333 veterem
1218 1267 1369 1354 loquendi
1398 1288 1471 1334 oon-

286 1371 490 1437 suetudinem
515 1373 693 1459 longousu
718 1377 878 1460 cognitam
908 1380 1174 1461 perspectamque
1198 1372 1335 1438 habeant
1360 1373 1471 1438 multis

286 1474 415 1543 indiciis
438 1478 729 1565 deprehendantur.
765 1479 848 1561 Quid
873 1489 922 1546 est
945 1479 1087 1564 ineptius
1110 1478 1173 1544 illis
1197 1480 1304 1565 quise
1325 1479 1471 1544 carmina

286 1581 406 1647 Graeca
431 1603 570 1669 pangere
590 1586 777 1650 existimant
798 1604 897 1670 quum
927 1582 1023 1649 rerba
1047 1583 1167 1650 Graeca
1190 1584 1362 1650 cuiuslibet
1383 1592 1471 1650 aeta·

285 1685 330 1750 tis
353 1696 528 1753 contexunt
547 1708 650 1773 neque
673 1688 850 1755 formarum
874 1708 977 1773 neque
1001 1689 1167 1753 notionum
1189 1709 1292 1776 neque
1313 1690 1469 1775 composi·

288 1789 631 1878 lionis-proprietatem
655 1793 859 1859 observantes
881 1791 935 1857 sed
965 1791 1084 1877 ubique
1116 1794 1290 1860 miscentes
1314 1794 1471 1880 quadrata

285 1895 456 1962 rotundis?
504 1900 539 1964 ln
567 1897 705 1964 Minoide
727 1897 915 1964 facillimum
938 1897 1101 1982 negotium
1127 1905 1176 1963 est
1197 1899 1337 1982 genuina
1361 1907 1393 1965 et
1416 1919 1471 1965 an·

286 2000 376 2085 tiqua
398 2022 416 2068 a
441 2003 615 2088 suppositis
647 2010 678 2069 et
706 2001 942 2068 commenticiis
972 2021 1151 2068 secernere.
1200 2002 1286 2068 Adeo
1303 2012 1358 2095 est
1389 2005 1471 2069 anti-

285 2123 368 2189 quae
401 2107 593 2174 Graecitatis
624 2108 757 2193 ignarus
781 2114 813 2174 et
843 2115 987 2173 monstra
1019 2115 1115 2192 atque
1147 2113 1295 2192 portenta
1327 2107 1471 2196 loquitur

285 2218 317 2276 et
351 2231 448 2279 sensu
480 2233 580 2280 vacua
614 2221 646 2280 et
673 2213 814 2279 absurda
848 2212 984 2279 effundit
1017 2213 1186 2278 utstatim
1220 2214 1341 2279 sentias
1377 2222 1407 2280 te
1441 2217 1470 2280 ἐν

283 2317 419 2401 βορβόρῳ
439 2321 621 2402 βαρβαρικῷ
646 2319 788 2385 haerere.
835 2319 1067 2385 Demonstrabo
1090 2317 1168 2384 haec
1192 2320 1302 2385 statim
1335 2320 1367 2384 in
1393 2318 1471 2387 locis

284 2423 443 2507 singulis,
477 2423 533 2489 ubi
565 2424 648 2489 hanc
680 2424 785 2489 labem
807 2432 985 2509 grassatam
1011 2442 1079 2488 esse
1111 2422 1317 2509 deprehendi.
1373 2425 1470 2513 Equi·

284 2525 357 2593 dem
381 2528 483 2613 igitur
507 2527 587 2593 nihil
612 2529 714 2593 miror
736 2527 884 2593 Codicem
911 2527 950 2592 ab
981 2525 1035 2591 illo
1062 2525 1171 2592 sedulo
1197 2529 1375 2608 occultari,
1410 2530 1470 2596 hoc

284 2633 392 2718 potius
415 2634 516 2698 miror
546 2654 609 2720 quo
643 2643 737 2720 pacto
768 2634 829 2699 ista
863 2631 988 2698 fallacia
1011 2631 1141 2697 doctum
1168 2631 1326 2698 Medicum
1351 2635 1397 2699 ita
1422 2633 1470 2699 l·

284 2739 369 2823 gerit
392 2749 428 2805 ut
451 2737 505 2804 illa
529 2740 636 2805 omnia
661 2740 745 2805 serio
774 2739 916 2825 potuerit
948 2737 1155 2823 interpretari
1186 2756 1223 2803 ao
1256 2737 1374 2804 Gallice
1397 2760 1470 2806 ver·

282 2849 352 2910 tere
381 2844 499 2932 quibus
530 2866 588 2912 nec
622 2853 718 2931 caput
751 2865 810 2911 neo
844 2863 900 2930 pes
928 2848 1075 2920 constat,
1111 2862 1193 2929 quae
1217 2862 1320 2930 neque
1350 2844 1470 2912 Graeca

284 2956 362 3015 sunt
386 2957 417 3016 et
442 2971 574 3036 prorsus
598 2959 674 3018 sunt
695 2971 792 3018 sensu
817 2969 918 3016 vacua
941 2956 990 3026 et,
1013 2954 1051 3013 ut
1074 2948 1106 3012 in
1132 2948 1297 3033 proverbio
1319 2952 1469 3028 est‚'neo

284 3053 407 3119 coelum
441 3075 500 3122 nco
532 3065 652 3122 terram
685 3063 834 3142 tangunt.
883 3053 1013 3120 Scilicet
1044 3073 1105 3118 non
1135 3054 1213 3118 satis
1242 3062 1290 3120 cst
1323 3053 1468 3140 linguam

283 3157 436 3252 Graecam
465 3169 497 3225 et
521 3160 659 3227 Graecas
692 3159 817 3226 litteras
841 3177 969 3224 amare:
1003 3156 1098 3241 longo
1128 3164 1161 3221 et
1188 3156 1332 3244 improbo
1362 3158 1470 3227 labore

283 3282 363 3348 opus
396 3272 445 3329 est
476 3272 505 3330 ct
531 3266 599 3330 acri
632 3264 856 3348 indefessoque
887 3260 993 3326 studio
1022 3268 1054 3326 et
1086 3260 1241 3327 diuturna
1272 3264 1468 3349 scriptorum

283 3367 476 3435 Graecorum
503 3369 640 3436 lectione
661 3378 693 3436 et
717 3367 925 3435 meditatione
947 3373 983 3432 ut
1012 3364 1098 3432 illam
1130 3366 1317 3433 interiorem
1350 3388 1468 3435 sermo·

282 3474 333 3538 nis
357 3474 470 3541 Graeci
502 3474 748 3561 intelligentiam
779 3471 1006 3558 consequaris,
1039 3471 1192 3558 sineque
1219 3492 1313 3539 nemo
1342 3473 1375 3538 in
1409 3473 1468 3542 hoo

282 3599 399 3665 genere
423 3580 605 3646 studiorum
632 3600 746 3666 operae
776 3578 917 3665 pretium
942 3574 1046 3642 lacere
1078 3577 1188 3663 possit.
1236 3578 1272 3643 ln
1296 3577 1347 3644 bis
1379 3600 1468 3666 prae·

283 3686 395 3751 sertim
419 3685 538 3763 rebus,
564 3693 599 3750 ut
623 3693 672 3752 est
696 3684 780 3770 apud
803 3680 1071 3758 Demosthenem,
1095 3681 1138 3747 τα
1163 3681 1248 3748 κατα
1271 3684 1468 3765 ἰσχυρότατα

282 3787 359 3857 εἶναι
390 3791 459 3871 δεῖ,
496 3801 528 3858 et
561 3792 624 3857 nisi
657 3789 889 3877 grammaticae
924 3788 1004 3852 artis
1038 3787 1222 3853 firmissima
1260 3787 1468 3856 fundamenta

281 3902 411 3960 mature
436 3896 551 3962 ieceris
581 3895 738 3983 quidquid
769 3893 902 3982 posthac
930 3894 1188 3978 superstruxeris
1212 3893 1302 3958 brevi
1328 3904 1467 3962 corruet.

281 4001 398 4068 Notum
431 4009 479 4066 est
507 4000 601 4067 hodie
620 4001 769 4067 omnibus
793 4019 888 4086 quam
911 3999 1016 4063 inanis
1045 4004 1077 4063 et
1101 3996 1203 4063 sutilis
1227 3999 1269 4063 sit
1301 3999 1333 4064 in
1367 3999 1468 4067 Gabia

282 4109 329 4174 rei
353 4107 589 4174 Grammaticae
616 4105 762 4172 doctrina
791 4124 854 4191 qua
877 4102 1020 4170 discendi
1048 4101 1191 4168 studiosa
1223 4104 1375 4170 iuuentus
1407 4106 1468 4170 inr-

282 4213 451 4299 pertiatur.
500 4212 602 4293 Quam
639 4209 805 4276 indoctum
825 4218 862 4275 'et
892 4227 1023 4276 caecum
1056 4207 1170 4274 ducem
1205 4216 1262 4274 aut
1296 4208 1381 4275 ultro
1411 4219 1468 4277 aut

282 4318 375 4384 inviti
406 4325 585 4404 sequautur
614 4316 785 4382 Dubncrus
812 4313 1069 4380 luculentissime
1093 4314 1236 4381 omnium
1269 4317 1314 4380 ita
1338 4314 1468 4381 demon·

282 4425 396 4489 strauit
423 4433 576 4489 ut‘nenro
606 4428 664 4488 τῶν
691 4421 857 4486 ἐπαϊόντων
888 4419 994 4486 τούτου
1019 4418 1085 4500 τέρτ
1118 4419 1245 4504 obloqui
1272 4428 1327 4485 aut
1356 4429 1468 4485 contra

281 4530 407 4604 hiscere
438 4529 564 4595 audeat.
626 4527 784 4607 Quantam
821 4532 941 4611 pestem
975 4543 1011 4591 ea
1051 4545 1101 4590 res
1136 4523 1245 4590 solidis
1279 4522 1467 4610 philologiae
