3270 5190
784 449 826 510 50

222 625 286 697 57,
312 624 343 684 3.
370 619 524 686 dicuntur
552 640 622 686 csse
647 638 777 686 muscae
800 618 955 700 ὀφθκκριοὶ
983 627 1218 699 προπογεῖς
1248 619 1329 685 πολὺ
1358 626 1412 688 τοῦ

221 725 347 805 κε’ροιτος
371 724 508 807 ἔχοντες.
557 727 713 807 Quoniam
736 733 910 806 προπιιγεῑς
936 722 1029 788 nilrlli
1052 722 1243 788 vocabulum
1268 733 1337 803 est,
1363 745 1412 791 re·

219 829 402 914 ponendum
427 852 496 897 esse
524 830 589 895 dixi
617 831 663 919 (in
692 830 768 895 Var.
805 829 904 893 Lectt.
944 848 973 912 p.
1001 827 1091 914 192.)
1126 836 1302 908 προπετεῖς.
1353 829 1411 896 Vel

219 953 272 999 me
297 942 423 1001 tacente
448 946 534 1001 nunc
559 944 690 1021 apparet
714 944 885 1017 πριπκπεῖς
908 952 1015 998 veram
1040 933 1235 1017 scripturam
1259 954 1341 1000 esse.

265 1038 407 1105 Venusto
432 1039 555 1106 dictum
587 1038 743 1125 estquod
779 1040 925 1123 sequitur
961 1057 989 1122 p.
1017 1042 1081 1115 tt),
1108 1040 1144 1101 d:
1178 1037 1284 1118 ἡγὰρ
1313 1037 1409 1120 φύσις

219 1143 296 1223 ὥροις
318 1145 375 1222 μὲν
398 1141 498 1225 clepere
522 1147 714 1224 ἐοκριήνοιπο,
739 1146 791 1220 ἤθη
817 1144 847 1208 δὲ
874 1145 1072 1226 &plancam
1099 1140 1153 1206 sed
1179 1141 1302 1227 reliqua
1332 1151 1410 1209 sunt

220 1246 394 1323 Minoidea:
419 1251 487 1326 ἤθη
516 1252 547 1315 δὲ
571 1252 703 1316 οιύτῶν
726 1250 869 1328 οώριοιτος
889 1287 932 1298 ——
956 1244 1010 1312 ὧδε
1036 1246 1255 1324 ἐπισκεπτέον,
1279 1247 1315 1312 in
1339 1249 1409 1334 qui·

218 1349 280 1417 hus
310 1352 390 1417 nihil
424 1355 494 1419 sani
526 1356 619 1421 inest.
667 1355 797 1420 Dixerat
831 1353 938 1418 nescio
967 1350 1045 1438 quid
1077 1352 1116 1417 de
1141 1353 1346 1438 proportione
1377 1360 1409 1420 et

219 1456 365 1541 analogia
389 1460 533 1543 partium
555 1461 717 1544 corporis,
742 1478 837 1543 quam
861 1458 894 1521 in
926 1477 994 1541 sqq.
1020 1456 1065 1520 ita
1091 1456 1229 1542 explicat
1263 1465 1296 1522 ut
1324 1457 1409 1524 dicat

219 1570 366 1647 oportere
389 1564 574 1646 ρετιέφρενκ
598 1565 767 1644 οεορεῖοοιιι
792 1564 865 1643 πρὸς
888 1562 939 1626 ποι
964 1558 1105 1641 ἕπερκ,
1131 1581 1213 1647 quae
1233 1562 1408 1648 Interpreti

220 1666 405 1749 significare
431 1668 596 1734 videntur:
632 1668 718 1732 »l’un
740 1667 796 1732 dos
820 1667 909 1731 edtds
933 1665 976 1729 du
1001 1664 1057 1729 dos
1078 1665 1142 1732 doit
1164 1668 1233 1732 dtrc
1257 1669 1407 1754 compare

222 1769 239 1833 a
271 1769 424 1836 l'autre.’'
472 1773 531 1838 Sed
571 1791 672 1856 neque
707 1790 743 1837 ea
779 1771 937 1836 sententia
974 1769 1168 1855 probabilis,
1206 1781 1241 1837 ut
1274 1774 1407 1858 opinor,

220 1882 291 1952 est,
316 1895 420 1961 neque
450 1876 626 1962 quidquam
659 1875 843 1942 huiusmodi
876 1884 924 1941 est
948 1877 979 1939 in
1006 1875 1147 1941 Graecis.
1198 1876 1351 1963 Suspicor
1375 1878 1407 1941 in

220 1979 334 2046 Codice
359 1991 526 2047 exaratum
552 2002 621 2047 esse
644 1981 830 2064 μεποέφρενιι
854 1982 1023 2062 θεωρεῖσθαι
1048 1982 1120 2061 πρὸς
1144 1981 1192 2046 τοι
1222 1983 1351 2063 ςὲρνοι.

266 2086 388 2152 Haereo
413 2089 532 2152 iterum
556 2088 588 2151 in
620 2087 736 2153 vicinis
763 2108 791 2172 p.
817 2091 877 2164 40,
904 2091 939 2150 7:
971 2087 1115 2167 κεφοιπήν
1150 2111 1185 2151 πε
1216 2096 1332 2168 οχῆριιι
1354 2093 1406 2153 τοῦ

220 2195 336 2265 ποιντὸς
360 2189 451 2259 οὖσαν
484 2193 556 2270 πρὸς
589 2198 694 2257 τοιῦτιι
727 2191 833 2257 ποὲντοι
857 2181 954 2272 ’ἔχειν
979 2189 1172 2271 ξομμέπροις.
1221 2193 1405 2278 interpres:

220 2297 271 2362 »la
300 2299 383 2374 tete,
415 2298 469 2383 qni
502 2305 633 2361 estune
667 2298 770 2382 lotape
801 2296 839 2360 de
871 2305 935 2360 torn
960 2295 988 2360 le
1017 2297 1141 2380 corpc.”
1189 2296 1237 2361 An
1269 2304 1303 2362 tu
1330 2298 1406 2363 liaeo

219 2401 398 2485 intelligis?
434 2400 520 2465 Nihil
546 2409 726 2485 superesset
751 2399 950 2464 difficultatis
974 2401 1000 2464 si
1025 2398 1206 2485 legeretur:
1232 2402 1331 2483 προσ
1339 2428 1407 2485 χη-

220 2531 275 2584 ριοι
298 2511 351 2571 τοῦ
376 2506 491 2576 ποινπὸς
516 2501 629 2579 οὖοιιν,
654 2504 726 2569 vide
752 2502 943 2588 Wesscling.
970 2504 1009 2569 ad
1040 2504 1155 2570 Herod.
1174 2505 1212 2571 V.
1238 2509 1293 2572 28.

265 2608 420 2695 Sequitur
444 2607 534 2673 locus
560 2628 653 2693 quem
680 2627 776 2693 supra
805 2609 1035 2685 tractavimus,
1061 2621 1092 2675 et
1116 2609 1168 2674 uld
1196 2612 1352 2676 ἀποδῦοιιι
1376 2620 1406 2676 et

221 2717 250 2790 ἒς
286 2713 470 2793 δοκιμοισίοιν
502 2719 677 2786 κοιτοιςῆνοιι
709 2721 764 2789 τῆς
788 2713 912 2795 φύσεος
946 2713 1144 2779 emendanda
1176 2734 1245 2780 esse
1269 2716 1406 2781 ostendi·

219 2839 304 2886 mus.
361 2818 494 2904 Reliqua
532 2819 633 2884 mudto
669 2818 766 2884 etiam
803 2817 925 2883 loedius
967 2827 1118 2905 corrupta
1148 2826 1179 2885 et
1216 2820 1406 2905 interpolata

220 2933 308 2994 sunt.
363 2923 432 2989 ntia
468 2943 507 2989 ex
536 2924 608 2990 aliis
639 2934 842 2990 commentus
872 2934 921 2990 est
954 2925 1087 3011 lllynas,
1123 2924 1176 2989 sed
1212 2944 1248 2990 ea
1282 2946 1405 3012 quoque

220 3051 302 3117 quae
334 3028 466 3116 probata
502 3031 637 3096 retinuit
667 3039 792 3096 scatent
826 3029 950 3095 mendis
983 3039 1014 3094 et
1047 3028 1169 3094 lumine
1199 3050 1289 3095 cassa
1320 3039 1403 3097 sunt.

219 3137 343 3200 Bonum
369 3133 489 3199 lactum
516 3134 598 3220 quod
623 3155 662 3200 ex
687 3135 737 3200 his
763 3155 958 3221 quamquam
991 3135 1129 3219 pessime
1159 3134 1341 3221 depravatis
1362 3146 1405 3203 ta·

221 3260 296 3306 men
319 3238 456 3325 pellucet
490 3239 596 3303 Attica
624 3239 780 3323 quaedam
813 3238 962 3324 loquendi
1002 3238 1105 3304 lorma
1139 3247 1171 3305 et
1195 3241 1406 3325 perelegantis

220 3345 347 3411 Atticae
372 3342 613 3427 compositionis
645 3343 842 3420 artificium,
874 3343 958 3428 quod
988 3342 1041 3408 ubi
1075 3344 1172 3409 semel
1205 3345 1406 3431 indagaveris

221 3470 283 3515 non
309 3448 371 3514 erit
402 3446 531 3512 difficile
564 3449 728 3532 negotium
752 3449 892 3534 primum
917 3468 1077 3514 summam
1100 3452 1280 3517 sententiae
1302 3453 1404 3518 Philo-

221 3556 315 3621 strati
336 3553 533 3618 eonstituere
557 3573 594 3618 ac
614 3552 729 3619 deinde
751 3555 822 3620 eius
843 3554 935 3619 verba
959 3574 1119 3620 revocare.
1146 3556 1405 3644 Proponampri·

221 3681 310 3726 mum
338 3658 423 3723 illius
451 3660 710 3743 compositionis,
736 3678 831 3745 quam
854 3661 886 3724 in
911 3659 979 3725 loco
1002 3660 1115 3724 vitiato
1138 3660 1297 3745 pellucere
1319 3662 1405 3740 dixi,

222 3766 343 3850 aliquot
380 3763 533 3848 exempla.
591 3763 754 3829 Permulta
790 3775 866 3829 sunt
899 3763 982 3850 apud
1017 3764 1288 3842 Demosthenem,
1323 3767 1405 3833 unde

220 3868 372 3935 nonnulla
407 3866 601 3933 adscribam.
660 3869 792 3953 Legitur
827 3869 859 3933 in
895 3870 1038 3934 oratione
1074 3868 1140 3950 περὶ
1179 3875 1232 3935 τοῦ
1269 3873 1404 3955 ςεφοὶνον

220 3996 252 4061 p.
278 3977 362 4049 229,
388 3976 450 4036 25:
475 3975 507 4037 οὐ
541 3974 603 4054 γὰρ
628 3975 722 4048 δήπου
752 3980 962 4056 mancipatae
996 3975 1053 4052 μὲν
1073 3974 1202 4040 adverae
1233 3978 1347 4044 διώκειν
1369 3979 1405 4043 δι’

219 4078 297 4157 ἕρκε’,
322 4078 378 4154 tp}
398 4078 424 4141 δ’
448 4078 541 4142 αὐτὸν
564 4080 617 4143 οὐκ
640 4077 678 4142 civ
702 4077 889 4160 ἐγράφοντο,
923 4088 954 4144 el
988 4099 1016 4163 p.
1043 4081 1132 4155 288,
1159 4083 1200 4144 9:
1236 4084 1290 4147 οὐκ
1322 4079 1406 4148 εἶπον

219 4186 275 4264 μὲν
300 4187 405 4247 τοιῦποι
429 4185 483 4247 οὐκ
506 4181 635 4264 ἔγριιψοι
655 4182 704 4259 δέ,
738 4184 798 4249 οὐδ’
822 4182 950 4265 ἔγροιψοι
973 4183 1029 4259 μὲν
1054 4185 1106 4247 οὐκ
1134 4184 1331 4264 ἐπρέσβευον
1355 4188 1405 4265 δέ,

218 4289 280 4354 οὐδ’
304 4287 501 4368 ε’πρέοβενοιι
527 4289 586 4366 μὲν
609 4291 662 4353 οὐκ
698 4286 808 4354 ἔπεισιν
841 4290 871 4353 δὲ
904 4289 1084 4366 Θκβιιίονς,
1118 4295 1149 4352 et
1173 4308 1202 4373 p.
1227 4294 1314 4365 aar,
1343 4297 1404 4357 dl:

218 4394 269 4459 ccl
302 4398 363 4475 οὐχ
398 4396 492 4473 ὁμὲν
524 4395 617 4473 δῆμος
652 4391 745 4467 οὕτως
779 4395 804 4457 οἱ
828 4393 859 4458 δὲ
891 4397 948 4456 τῶν
982 4392 1247 4466 τετελευτηκότων
1272 4398 1404 4479 πιιτέρες

217 4499 270 4564 xci
294 4499 424 4584 οἰδειφοὶ
449 4497 555 4572 ἄλλοις
574 4523 658 4575 ποις,
683 4506 714 4564 et
740 4498 773 4562 in
799 4496 942 4563 oratione
966 4517 1023 4585 pro
1046 4496 1177 4565 Rhodiis
1201 4520 1231 4585 p.
1257 4506 1340 4581 192,
1366 4506 1403 4567 9:
