3270 5190
799 437 841 500 57

221 630 314 674 τινα
338 607 442 675 scribe
467 629 525 696 pro
548 634 583 676 τε
607 614 639 675 et
670 628 789 695 quaere
819 597 895 694 quid
921 609 964 675 sit
986 629 1042 696 pro
1066 607 1209 691 θρνυνται
1234 609 1406 676 restituen·

221 714 320 792 dum,
356 715 419 780 nisi
444 716 538 781 malis
563 714 695 782 credere
731 734 804 780 euru
834 715 885 780 cni
907 716 989 780 uires
1012 714 1168 780 addantur·
1191 713 1310 780 Graece
1342 714 1406 779 dici

221 838 311 904 posse
330 820 423 901 ἰσχὺν
447 820 604 903 ἄρνυσθαι.
652 821 824 906 Postquam
847 840 883 885 ex
905 819 957 886 bis
978 820 1136 906 angustiis
1162 821 1331 885 emerseris
1352 819 1407 885 lux

219 923 351 1009 affulget
374 945 407 1011 p.
431 930 494 1003 58,
521 931 550 991 t.
576 926 675 991 donec
701 926 819 991 iterum
843 924 976 991 haereas
1000 945 1031 1011 p.
1056 929 1116 1002 58,
1144 929 1204 990 19:
1230 923 1350 1006 κρινθτο
1375 924 1407 990 at

219 1029 304 1096 αότθι
340 1030 394 1118 (τίν
426 1031 519 1120 νῶτα)
552 1034 596 1110 pb
621 1031 706 1106 κοθιιν
737 1030 851 1114 ῥαχίς,
884 1049 965 1115 quae
998 1037 1085 1095 certe
1110 1049 1171 1094 non
1201 1028 1406 1114 significant:

221 1135 321 1200 »c’est
345 1155 386 1200 au
411 1156 471 1222 peu
496 1136 714 1202 d'excavation
740 1134 783 1201 du
808 1133 915 1202 rachis
939 1136 1032 1221 pu’on
1065 1137 1224 1200 reconvenit
1246 1155 1288 1198 αα
1303 1134 1408 1219 parcit

220 1238 308 1303 dos.'’
357 1240 523 1307 Praecedit
547 1242 651 1308 enirn:
684 1247 765 1306 νῶτον
798 1241 829 1307 δὲ
852 1241 1006 1322 χαρίεντα
1036 1239 1093 1318 μὲν
1119 1239 1173 1327 (τοί
1197 1238 1289 1328 adde)
1315 1239 1406 1321 ὀρθοί,

219 1348 534 1428 praeostendebat
566 1348 609 1412 τόι
642 1346 794 1426 ὀτθγνρα.
843 1345 928 1410 llaec
962 1351 1089 1421 autem,
1125 1342 1239 1421 oredo,
1274 1365 1336 1410 non
1369 1364 1408 1410 ex

219 1450 312 1534 spina
337 1450 392 1516 sed
417 1452 496 1516 satis
520 1471 558 1516 ex
582 1471 617 1516 se
638 1451 706 1535 ipsa
728 1456 925 1535 spectantur.
974 1447 1062 1514 nude
1085 1449 1352 1534 praepositionem
1375 1457 1408 1514 et

220 1553 310 1618 locus
349 1563 481 1640 apertus
516 1557 598 1620 erit:
634 1554 872 1636 διακρινέτοι
912 1553 943 1618 δὲ
978 1554 1063 1617 αὐτοὶ
1097 1555 1141 1632 μίν
1177 1553 1263 1628 κοίλη
1303 1554 1406 1636 ρἀχίς.

220 1658 359 1742 Egregie
382 1657 465 1724 banc
489 1659 703 1746 suspicionem
729 1658 899 1724 confirmat
926 1657 1070 1723 vocabuli
1098 1659 1191 1742 ῥαχίς
1215 1667 1344 1747 etymon
1368 1659 1408 1725 ab

160 1818 163 1823 ,
220 1761 409 1847 Apollodoro
441 1763 551 1829 fictum
577 1765 610 1829 in
634 1762 775 1852 Etymol.
807 1765 847 1829 M.
873 1784 904 1850 p.
931 1767 1017 1840 702,
1043 1768 1105 1830 44:
1141 1763 1252 1846 Ῥαχίς
1275 1802 1321 1814 -
1343 1766 1406 1831 οότθ

219 1873 273 1932 τοῦ
297 1866 380 1950 ρ’ἧξις
404 1864 555 1933 εἶναικαὶ
579 1869 623 1934 τοὶ
654 1867 741 1945 δεξιοί
773 1869 849 1951 μέρος
881 1868 1101 1949 διακρίνειν
1130 1871 1193 1935 dard
1216 1875 1274 1935 τῶν
1299 1871 1407 1938 εὐανθ-

217 1995 295 2050 μου.

265 2075 356 2156 Quod
389 2098 419 2164 p.
443 2082 505 2156 60,
530 2083 560 2143 8.
595 2079 750 2145 evitiosa
782 2079 918 2145 lectione
948 2077 1127 2161 ῶτόιιισφρα
1159 2079 1272 2145 Editor
1296 2080 1408 2146 elicuit

219 2181 404 2262 ὑσιθοιιστα,
429 2181 545 2248 melius
570 2181 706 2248 sormam
730 2185 870 2249 Atticam
904 2186 1120 2269 reposuisset,
1154 2192 1308 2270 quaeest
1333 2186 1406 2251 ὑτό-

218 2291 335 2369 λισφα.
595 2370 597 2373 Ι

265 2391 386 2458 Errare
421 2391 609 2478 pervulgato
644 2392 799 2459 scribitur
835 2414 864 2479 p.
892 2396 957 2471 60,
985 2399 1046 2458 18:
1082 2394 1117 2470 ἢν
1150 2395 1236 2475 ὀρθῶς
1268 2396 1281 2459 ὀ
1313 2397 1407 2478 μνρός

220 2498 377 2578 ε’τοχῶται
398 2507 454 2574 τῶς
479 2499 677 2576 ἕτιγουνθδος.
726 2499 824 2565 Recte
853 2499 1032 2586 interpres:
1068 2500 1116 2565 »si
1142 2499 1301 2566 iacuisse
1325 2502 1407 2588 s’ap·

221 2603 296 2688 puie
319 2603 419 2667 droite
451 2623 508 2668 sur
538 2603 568 2668 la
603 2603 740 2670 rotule.''
787 2605 900 2691 Itaque
927 2603 1006 2686 ὀρθθς
1031 2625 1088 2690 pro
1114 2607 1200 2686 ὀρθῶς
1226 2609 1406 2673 necessario

220 2716 269 2773 est
292 2707 539 2774 emendandum.
588 2710 704 2775 Mirum
730 2717 779 2776 est
803 2708 1016 2796 quamsaepe
1039 2709 1150 2776 eadem
1179 2709 1298 2777 chorda
1328 2715 1406 2778 scri·

218 2812 279 2878 bae
301 2813 531 2879 oberraverint.
578 2813 665 2880 Dabo
687 2834 787 2879 unum
809 2815 848 2880 de
871 2815 999 2880 multis:
1025 2816 1059 2879 in
1079 2814 1298 2900 Xenophontis
1324 2817 1406 2882 Ana·

218 2918 288 2984 basi
308 2920 360 2986 lv.
386 2938 452 2983 vul.
477 2922 541 2984 20:
566 2920 618 2984 καί
643 2920 749 3000 ὀρθὸς
773 2919 868 2992 οὐδεὶς
898 2919 1023 2985 ἐδύνατο
1048 2916 1193 2997 ίςασθοοι,
1218 2921 1251 2984 in
1275 2922 1406 3006 optimis

220 3023 311 3088 libris
331 3033 379 3088 est
407 3023 446 3089 de
474 3043 562 3090 more
583 3027 679 3106 ὀρθῶς.
728 3024 907 3105 Quominus
939 3023 1102 3090 dubitabis
1125 3024 1204 3108 ὀρθός
1229 3045 1404 3112 reponere,

218 3127 323 3193 sicubi
347 3131 433 3212 ὀρθῶς
459 3138 571 3194 contra
594 3129 655 3194 loci
677 3130 870 3196 seutentiam
895 3129 1034 3214 legitur,
1059 3137 1094 3195 ut
1115 3129 1199 3216 apud
1219 3131 1403 3219 Aristopha-

219 3253 293 3298 nem
322 3235 354 3298 in
390 3235 471 3300 Pace
495 3255 541 3301 vs.
568 3239 652 3300 161:
1117 3306 1118 3309 ,

398 3341 474 3404 αλλ’
499 3338 582 3419 οίγε,
607 3343 764 3419 Πήγασε,
789 3342 881 3424 χώρει
905 3343 1080 3424 χαίρων-

399 3443 436 3511 ίει
461 3446 574 3511 σαυτὸν
598 3449 706 3527 θαρρῶν
729 3447 792 3511 dard
816 3457 899 3526 γῆς,

400 3547 487 3634 κρῖτα
510 3552 658 3632 δρομαίαν
682 3550 812 3631 πτέρυγ’
835 3552 973 3618 ἐκτείνων

399 3658 515 3736 ὀρθῶς
540 3656 631 3737 χώρει
656 3656 728 3729 Διὸς
752 3658 795 3729 είς
819 3656 932 3730 αθλοίς.

218 3760 329 3845 ecquis
355 3779 440 3825 nunc
461 3761 653 3846 praesertim
673 3760 856 3827 admonitus
880 3760 1041 3828 dubitabit
1066 3770 1177 3848 poetae
1202 3781 1296 3829 suurn
1323 3765 1402 3846 ὀρθῶς

217 3866 413 3932 restituere?

263 3971 415 4038 Desidere
440 3975 706 4060 praepositionem
732 3994 763 4060 p.
786 3977 846 4051 60,
876 3978 930 4039 18:
964 3972 1058 4048 σκθκνρ
1085 3972 1116 4038 δὲ
1139 3974 1184 4052 pb
1207 3975 1300 4057 ὀρθθι
1331 3982 1403 4042 τῶν

218 4081 376 4158 σφυρῶν
411 4080 501 4144 ἄλλα
532 4077 611 4155 λοξυί
635 4105 671 4145 τε
695 4081 746 4145 καί
778 4080 820 4153 είς
845 4080 879 4144 τὸ
911 4079 981 4144 είοα
1013 4080 1237 4147 διανενευκότα.
1287 4078 1404 4168 Supple

217 4181 288 4261 ὀρθοί
314 4180 372 4270 (ἐκ)
397 4190 456 4248 τῶν
480 4189 615 4266 σφυρῶν.

263 4285 385 4351 lterum
419 4287 635 4373 superlativus
668 4291 699 4354 in
728 4291 982 4377 comparativum
1015 4290 1093 4355 abiit
1129 4309 1158 4375 p.
1183 4295 1246 4368 db,
1273 4295 1312 4356 5:
1348 4317 1404 4357 τε·

217 4394 409 4473 λεῶτεροι
434 4399 492 4458 τῶν
517 4402 762 4476 ταγκρατιαςιόν
787 4398 813 4461 oi
836 4395 1030 4476 ξυγκείμενον
1055 4395 1315 4478 παλαιςικώτερον
1339 4396 1356 4472 ἢ
1378 4399 1404 4461 οἱ

219 4497 357 4576 τθκται,
383 4498 602 4580 τυκτικιότερον
627 4501 658 4567 δὲ
682 4502 698 4578 ἢ
724 4503 749 4568 οί
775 4503 995 4578 ταλαίνοντες.
1044 4501 1173 4588 Corrlge
1197 4501 1405 4579 τελεώτατον,
