<?xml version="1.0" encoding="UTF-8"?>
<!DOCTYPE html PUBLIC "-//W3C//DTD XHTML 1.0 Transitional//EN"
    "http://www.w3.org/TR/xhtml1/DTD/xhtml1-transitional.dtd">
<html xmlns="http://www.w3.org/1999/xhtml" xml:lang="en" lang="en">
 <head>
  <title>
</title>
<meta http-equiv="Content-Type" content="text/html;charset=utf-8" />
  <meta name='ocr-system' content='tesseract 3.04.00' />
  <meta name='ocr-capabilities' content='ocr_page ocr_carea ocr_par ocr_line ocrx_word'/>
</head>
<body>
  <div class='ocr_page' id='page_1' title='image "./dephilostratili00cobegoog_0015.png"; bbox 0 0 3270 5190; ppageno 0'>
   <div class='ocr_carea' id='block_1_1' title="bbox 908 447 928 512">
    <p class='ocr_par' dir='ltr' id='par_1_1' title="bbox 908 447 928 512">
     <span class='ocr_line' id='line_1_1' title="bbox 908 447 928 512; baseline 0 0"><span class='ocrx_word' id='word_1_1' title='bbox 908 447 928 512; x_wconf 80' lang='grc'><strong>8</strong></span> 
     </span>
    </p>
   </div>
   <div class='ocr_carea' id='block_1_2' title="bbox 240 614 1545 4606">
    <p class='ocr_par' dir='ltr' id='par_1_2' title="bbox 309 614 1503 1232">
     <span class='ocr_line' id='line_1_2' title="bbox 313 614 1503 710; baseline 0.004 -25"><span class='ocrx_word' id='word_1_2' title='bbox 313 615 390 685; x_wconf 89' lang='lat' dir='ltr'>hum</span> <span class='ocrx_word' id='word_1_3' title='bbox 425 615 539 687; x_wconf 78' lang='lat' dir='ltr'>eximit</span> <span class='ocrx_word' id='word_1_4' title='bbox 572 614 683 684; x_wconf 89' lang='lat' dir='ltr'>eadem</span> <span class='ocrx_word' id='word_1_5' title='bbox 716 636 813 706; x_wconf 88' lang='lat' dir='ltr'>opera</span> <span class='ocrx_word' id='word_1_6' title='bbox 845 616 959 685; x_wconf 79' lang='lat' dir='ltr'><strong>adimit</strong></span> <span class='ocrx_word' id='word_1_7' title='bbox 993 617 1061 684; x_wconf 89' lang='lat' dir='ltr'>loeo</span> <span class='ocrx_word' id='word_1_8' title='bbox 1094 616 1197 684; x_wconf 81' lang='lat' dir='ltr'>lucent</span> <span class='ocrx_word' id='word_1_9' title='bbox 1234 638 1372 708; x_wconf 89' lang='lat' dir='ltr'>eumque</span> <span class='ocrx_word' id='word_1_10' title='bbox 1408 620 1503 710; x_wconf 88' lang='lat' dir='ltr'>plane</span> 
     </span>
     <span class='ocr_line' id='line_1_3' title="bbox 311 721 1502 811; baseline 0 -20"><span class='ocrx_word' id='word_1_11' title='bbox 311 731 473 791; x_wconf 80' lang='lat' dir='ltr'>excaecat.</span> <span class='ocrx_word' id='word_1_12' title='bbox 520 721 604 789; x_wconf 83' lang='lat' dir='ltr'>Audi</span> <span class='ocrx_word' id='word_1_13' title='bbox 639 742 727 790; x_wconf 89' lang='lat' dir='ltr'>nunc</span> <span class='ocrx_word' id='word_1_14' title='bbox 759 724 992 811; x_wconf 73' lang='lat' dir='ltr'>interpretem:</span> <span class='ocrx_word' id='word_1_15' title='bbox 1025 724 1088 791; x_wconf 70' lang='lat' dir='ltr'>»Le</span> <span class='ocrx_word' id='word_1_16' title='bbox 1117 722 1226 810; x_wconf 82' lang='lat' dir='ltr'>pugile</span> <span class='ocrx_word' id='word_1_17' title='bbox 1252 722 1430 803; x_wconf 76' lang='lat' dir='ltr'>Pisandro,</span> <span class='ocrx_word' id='word_1_18' title='bbox 1462 725 1502 792; x_wconf 91' lang='lat' dir='ltr'>de</span> 
     </span>
     <span class='ocr_line' id='line_1_4' title="bbox 312 826 1503 917; baseline 0.003 -24"><span class='ocrx_word' id='word_1_19' title='bbox 312 826 438 906; x_wconf 83' lang='lat' dir='ltr'><strong>Naxos,</strong></span> <span class='ocrx_word' id='word_1_20' title='bbox 471 828 527 914; x_wconf 89' lang='lat' dir='ltr'>qui</span> <span class='ocrx_word' id='word_1_21' title='bbox 560 826 696 894; x_wconf 89' lang='lat' dir='ltr'>hahitait</span> <span class='ocrx_word' id='word_1_22' title='bbox 728 829 802 915; x_wconf 79' lang='lat' dir='ltr'>pres</span> <span class='ocrx_word' id='word_1_23' title='bbox 833 830 911 896; x_wconf 89' lang='lat' dir='ltr'>d’un</span> <span class='ocrx_word' id='word_1_24' title='bbox 941 831 1159 917; x_wconf 88' lang='lat' dir='ltr'>promontoire</span> <span class='ocrx_word' id='word_1_25' title='bbox 1188 829 1227 896; x_wconf 92' lang='lat' dir='ltr'>de</span> <span class='ocrx_word' id='word_1_26' title='bbox 1250 839 1336 898; x_wconf 85' lang='lat' dir='ltr'>cette</span> <span class='ocrx_word' id='word_1_27' title='bbox 1370 828 1432 908; x_wconf 90' lang='lat' dir='ltr'>ile,</span> <span class='ocrx_word' id='word_1_28' title='bbox 1469 853 1503 896; x_wconf 84' lang='lat' dir='ltr'>ee</span> 
     </span>
     <span class='ocr_line' id='line_1_5' title="bbox 309 933 1501 1022; baseline 0.003 -24"><span class='ocrx_word' id='word_1_29' title='bbox 309 933 457 1018; x_wconf 80' lang='lat' dir='ltr'>peneheit</span> <span class='ocrx_word' id='word_1_30' title='bbox 478 937 646 1022; x_wconf 82' lang='lat' dir='ltr'>sorlemcnt</span> <span class='ocrx_word' id='word_1_31' title='bbox 667 954 705 998; x_wconf 89' lang='lat' dir='ltr'>en</span> <span class='ocrx_word' id='word_1_32' title='bbox 725 943 819 1000; x_wconf 87' lang='lat' dir='ltr'>ovant</span> <span class='ocrx_word' id='word_1_33' title='bbox 841 955 896 1000; x_wconf 84' lang='lat' dir='ltr'>sur</span> <span class='ocrx_word' id='word_1_34' title='bbox 919 936 951 1002; x_wconf 87' lang='lat' dir='ltr'>lo</span> <span class='ocrx_word' id='word_1_35' title='bbox 975 957 1057 1014; x_wconf 86' lang='lat' dir='ltr'>mer,</span> <span class='ocrx_word' id='word_1_36' title='bbox 1082 935 1235 1003; x_wconf 77' lang='lat' dir='ltr'>elendant</span> <span class='ocrx_word' id='word_1_37' title='bbox 1259 937 1304 1003; x_wconf 90' lang='lat' dir='ltr'>les</span> <span class='ocrx_word' id='word_1_38' title='bbox 1329 936 1420 1013; x_wconf 88' lang='lat' dir='ltr'>bras,</span> <span class='ocrx_word' id='word_1_39' title='bbox 1445 938 1501 1022; x_wconf 92' lang='lat' dir='ltr'>qui</span> 
     </span>
     <span class='ocr_line' id='line_1_6' title="bbox 312 1037 1502 1123; baseline 0.003 -20"><span class='ocrx_word' id='word_1_40' title='bbox 312 1037 352 1104; x_wconf 91' lang='lat' dir='ltr'>de</span> <span class='ocrx_word' id='word_1_41' title='bbox 386 1047 470 1104; x_wconf 90' lang='lat' dir='ltr'>cette</span> <span class='ocrx_word' id='word_1_42' title='bbox 506 1039 672 1116; x_wconf 79' lang='lat' dir='ltr'>muniere,</span> <span class='ocrx_word' id='word_1_43' title='bbox 707 1040 919 1121; x_wconf 80' lang='lat' dir='ltr'>s’exerpaient</span> <span class='ocrx_word' id='word_1_44' title='bbox 956 1041 1155 1107; x_wconf 78' lang='lat' dir='ltr'>eux-memes</span> <span class='ocrx_word' id='word_1_45' title='bbox 1187 1050 1220 1106; x_wconf 90' lang='lat' dir='ltr'>et</span> <span class='ocrx_word' id='word_1_46' title='bbox 1255 1042 1438 1123; x_wconf 77' lang='lat' dir='ltr'>exeroaient</span> <span class='ocrx_word' id='word_1_47' title='bbox 1472 1038 1502 1107; x_wconf 86' lang='lat' dir='ltr'>le</span> 
     </span>
     <span class='ocr_line' id='line_1_7' title="bbox 310 1144 1044 1232; baseline 0.004 -23"><span class='ocrx_word' id='word_1_48' title='bbox 310 1144 442 1231; x_wconf 86' lang='lat' dir='ltr'>corps.&#39;&#39;</span> <span class='ocrx_word' id='word_1_49' title='bbox 467 1163 549 1230; x_wconf 88' lang='lat' dir='ltr'>quae</span> <span class='ocrx_word' id='word_1_50' title='bbox 573 1144 679 1230; x_wconf 86' lang='lat' dir='ltr'>capiat</span> <span class='ocrx_word' id='word_1_51' title='bbox 703 1146 758 1231; x_wconf 91' lang='lat' dir='ltr'>qui</span> <span class='ocrx_word' id='word_1_52' title='bbox 790 1165 904 1232; x_wconf 89' lang='lat' dir='ltr'>capere</span> <span class='ocrx_word' id='word_1_53' title='bbox 929 1153 1044 1232; x_wconf 86' lang='lat' dir='ltr'>potest.</span> 
     </span>
    </p>

    <p class='ocr_par' dir='ltr' id='par_1_3' title="bbox 308 1249 1502 2583">
     <span class='ocr_line' id='line_1_8' title="bbox 357 1249 1502 1335; baseline 0.003 -22"><span class='ocrx_word' id='word_1_54' title='bbox 357 1249 554 1328; x_wconf 80' lang='lat' dir='ltr'>Pausanias,</span> <span class='ocrx_word' id='word_1_55' title='bbox 589 1250 644 1335; x_wconf 92' lang='lat' dir='ltr'>qui</span> <span class='ocrx_word' id='word_1_56' title='bbox 667 1250 897 1317; x_wconf 88' lang='lat' dir='ltr'>Philostratum</span> <span class='ocrx_word' id='word_1_57' title='bbox 922 1260 955 1319; x_wconf 90' lang='lat' dir='ltr'>et</span> <span class='ocrx_word' id='word_1_58' title='bbox 982 1250 1162 1318; x_wconf 83' lang='lat' dir='ltr'>eruditione</span> <span class='ocrx_word' id='word_1_59' title='bbox 1189 1259 1221 1318; x_wconf 91' lang='lat' dir='ltr'>et</span> <span class='ocrx_word' id='word_1_60' title='bbox 1249 1249 1370 1317; x_wconf 87' lang='lat' dir='ltr'>iudicio</span> <span class='ocrx_word' id='word_1_61' title='bbox 1399 1259 1431 1318; x_wconf 90' lang='lat' dir='ltr'>et</span> <span class='ocrx_word' id='word_1_62' title='bbox 1453 1252 1502 1317; x_wconf 91' lang='lat' dir='ltr'>di·</span> 
     </span>
     <span class='ocr_line' id='line_1_9' title="bbox 311 1353 1500 1444; baseline 0.003 -24"><span class='ocrx_word' id='word_1_63' title='bbox 311 1353 446 1440; x_wconf 89' lang='lat' dir='ltr'>ligentia</span> <span class='ocrx_word' id='word_1_64' title='bbox 472 1356 584 1422; x_wconf 90' lang='lat' dir='ltr'>multis</span> <span class='ocrx_word' id='word_1_65' title='bbox 607 1359 798 1443; x_wconf 84' lang='lat' dir='ltr'>parasangis</span> <span class='ocrx_word' id='word_1_66' title='bbox 827 1366 978 1444; x_wconf 88' lang='lat' dir='ltr'>superat,</span> <span class='ocrx_word' id='word_1_67' title='bbox 1015 1356 1183 1444; x_wconf 89' lang='lat' dir='ltr'>Sophistae</span> <span class='ocrx_word' id='word_1_68' title='bbox 1216 1377 1358 1423; x_wconf 87' lang='lat' dir='ltr'>errorem</span> <span class='ocrx_word' id='word_1_69' title='bbox 1392 1357 1500 1423; x_wconf 88' lang='lat' dir='ltr'>redar-</span> 
     </span>
     <span class='ocr_line' id='line_1_10' title="bbox 311 1460 1500 1549; baseline 0.003 -24"><span class='ocrx_word' id='word_1_70' title='bbox 311 1461 405 1545; x_wconf 90' lang='lat' dir='ltr'>guit,</span> <span class='ocrx_word' id='word_1_71' title='bbox 441 1463 497 1548; x_wconf 91' lang='lat' dir='ltr'>qui</span> <span class='ocrx_word' id='word_1_72' title='bbox 521 1460 674 1527; x_wconf 75' lang='lat' dir='ltr'>athletam</span> <span class='ocrx_word' id='word_1_73' title='bbox 707 1463 795 1528; x_wconf 84' lang='lat' dir='ltr'>Naxo</span> <span class='ocrx_word' id='word_1_74' title='bbox 829 1465 932 1530; x_wconf 87' lang='lat' dir='ltr'>veteri</span> <span class='ocrx_word' id='word_1_75' title='bbox 956 1462 1085 1530; x_wconf 81' lang='lat' dir='ltr'>Siciliae</span> <span class='ocrx_word' id='word_1_76' title='bbox 1114 1461 1228 1549; x_wconf 94' lang='lat' dir='ltr'>oppido</span> <span class='ocrx_word' id='word_1_77' title='bbox 1252 1460 1424 1528; x_wconf 87' lang='lat' dir='ltr'>oriundum</span> <span class='ocrx_word' id='word_1_78' title='bbox 1449 1484 1500 1529; x_wconf 92' lang='lat' dir='ltr'>ve·</span> 
     </span>
     <span class='ocr_line' id='line_1_11' title="bbox 311 1565 1501 1653; baseline 0.003 -24"><span class='ocrx_word' id='word_1_79' title='bbox 311 1565 373 1632; x_wconf 90' lang='lat' dir='ltr'>luti</span> <span class='ocrx_word' id='word_1_80' title='bbox 395 1567 429 1630; x_wconf 92' lang='lat' dir='ltr'>in</span> <span class='ocrx_word' id='word_1_81' title='bbox 452 1565 609 1631; x_wconf 90' lang='lat' dir='ltr'>coloniam</span> <span class='ocrx_word' id='word_1_82' title='bbox 641 1567 674 1630; x_wconf 92' lang='lat' dir='ltr'>in</span> <span class='ocrx_word' id='word_1_83' title='bbox 699 1567 816 1651; x_wconf 82' lang='lat' dir='ltr'>Aegaei</span> <span class='ocrx_word' id='word_1_84' title='bbox 840 1569 940 1634; x_wconf 87' lang='lat' dir='ltr'>maris</span> <span class='ocrx_word' id='word_1_85' title='bbox 974 1568 1115 1633; x_wconf 87' lang='lat' dir='ltr'>insulam</span> <span class='ocrx_word' id='word_1_86' title='bbox 1147 1570 1369 1653; x_wconf 88' lang='lat' dir='ltr'>cognominem</span> <span class='ocrx_word' id='word_1_87' title='bbox 1404 1567 1501 1634; x_wconf 91' lang='lat' dir='ltr'>dedu-</span> 
     </span>
     <span class='ocr_line' id='line_1_12' title="bbox 310 1669 1501 1758; baseline 0.003 -22"><span class='ocrx_word' id='word_1_88' title='bbox 310 1672 369 1736; x_wconf 85' lang='lat' dir='ltr'>xit.</span> <span class='ocrx_word' id='word_1_89' title='bbox 427 1671 605 1736; x_wconf 88' lang='lat' dir='ltr'>Pausaniae</span> <span class='ocrx_word' id='word_1_90' title='bbox 631 1669 721 1736; x_wconf 89' lang='lat' dir='ltr'>loeus</span> <span class='ocrx_word' id='word_1_91' title='bbox 750 1679 800 1738; x_wconf 90' lang='lat' dir='ltr'>est</span> <span class='ocrx_word' id='word_1_92' title='bbox 830 1673 863 1736; x_wconf 92' lang='lat' dir='ltr'>in</span> <span class='ocrx_word' id='word_1_93' title='bbox 900 1672 982 1737; x_wconf 86' lang='lat' dir='ltr'>libro</span> <span class='ocrx_word' id='word_1_94' title='bbox 1006 1673 1060 1738; x_wconf 91' lang='lat' dir='ltr'>Vl.</span> <span class='ocrx_word' id='word_1_95' title='bbox 1094 1692 1163 1758; x_wconf 89' lang='lat' dir='ltr'>cap.</span> <span class='ocrx_word' id='word_1_96' title='bbox 1192 1679 1243 1738; x_wconf 83' lang='lat'>15.</span> <span class='ocrx_word' id='word_1_97' title='bbox 1282 1677 1357 1758; x_wconf 86' lang='lat'>§8:</span> <span class='ocrx_word' id='word_1_98' title='bbox 1393 1672 1501 1751; x_wconf 79' lang='grc' dir='ltr'><em>Νοίξου</em></span> 
     </span>
     <span class='ocr_line' id='line_1_13' title="bbox 310 1775 1501 1861; baseline 0.003 -19"><span class='ocrx_word' id='word_1_99' title='bbox 310 1777 342 1842; x_wconf 74' lang='grc' dir='ltr'>δὲ</span> <span class='ocrx_word' id='word_1_100' title='bbox 372 1775 550 1850; x_wconf 71' lang='grc' dir='ltr'>οἰκισθείσης</span> <span class='ocrx_word' id='word_1_101' title='bbox 581 1775 656 1840; x_wconf 77' lang='grc' dir='ltr'><em>ποτὲ</em></span> <span class='ocrx_word' id='word_1_102' title='bbox 687 1775 718 1840; x_wconf 88' lang='grc' dir='ltr'>ἕν</span> <span class='ocrx_word' id='word_1_103' title='bbox 748 1777 881 1861; x_wconf 84' lang='grc' dir='ltr'><em>Σικελίρι</em></span> <span class='ocrx_word' id='word_1_104' title='bbox 913 1777 971 1842; x_wconf 81' lang='grc' dir='ltr'>ὑπὸ</span> <span class='ocrx_word' id='word_1_105' title='bbox 998 1777 1178 1843; x_wconf 70' lang='grc' dir='ltr'><strong><em>Χαλκιδέων</em></strong></span> <span class='ocrx_word' id='word_1_106' title='bbox 1202 1786 1257 1853; x_wconf 71' lang='grc' dir='ltr'>τῆς</span> <span class='ocrx_word' id='word_1_107' title='bbox 1292 1779 1410 1854; x_wconf 81' lang='grc' dir='ltr'><em>πόλεως</em></span> <span class='ocrx_word' id='word_1_108' title='bbox 1443 1781 1501 1860; x_wconf 79' lang='grc' dir='ltr'>μὲν</span> 
     </span>
     <span class='ocr_line' id='line_1_14' title="bbox 310 1879 1499 1962; baseline 0.002 -15"><span class='ocrx_word' id='word_1_109' title='bbox 310 1881 377 1947; x_wconf 79' lang='grc' dir='ltr'>οὐδὲ</span> <span class='ocrx_word' id='word_1_110' title='bbox 398 1881 517 1962; x_wconf 85' lang='grc' dir='ltr'><em>ἐρείπια</em></span> <span class='ocrx_word' id='word_1_111' title='bbox 550 1879 690 1946; x_wconf 74' lang='grc' dir='ltr'>ἐλείπετο</span> <span class='ocrx_word' id='word_1_112' title='bbox 715 1882 745 1954; x_wconf 83' lang='grc' dir='ltr'>ἐς</span> <span class='ocrx_word' id='word_1_113' title='bbox 777 1884 862 1960; x_wconf 66' lang='grc' dir='ltr'>ἡμᾶς</span> <span class='ocrx_word' id='word_1_114' title='bbox 887 1880 955 1960; x_wconf 81' lang='grc' dir='ltr'><em>ἔτι,</em></span> <span class='ocrx_word' id='word_1_115' title='bbox 989 1881 1084 1961; x_wconf 80' lang='grc' dir='ltr'><em>ίνοροοι</em></span> <span class='ocrx_word' id='word_1_116' title='bbox 1114 1883 1147 1948; x_wconf 73' lang='grc' dir='ltr'>δὲ</span> <span class='ocrx_word' id='word_1_117' title='bbox 1176 1881 1228 1947; x_wconf 79' lang='grc' dir='ltr'>καί</span> <span class='ocrx_word' id='word_1_118' title='bbox 1259 1884 1290 1955; x_wconf 83' lang='grc' dir='ltr'>ἐς</span> <span class='ocrx_word' id='word_1_119' title='bbox 1319 1885 1354 1949; x_wconf 79' lang='grc' dir='ltr'>τὸ</span> <span class='ocrx_word' id='word_1_120' title='bbox 1387 1883 1499 1950; x_wconf 82' lang='grc' dir='ltr'><em>ἔπειτα</em></span> 
     </span>
     <span class='ocr_line' id='line_1_15' title="bbox 309 1983 1499 2072; baseline 0 -20"><span class='ocrx_word' id='word_1_121' title='bbox 309 1983 468 2063; x_wconf 68' lang='grc' dir='ltr'><em>εἶναιτοῖς</em></span> <span class='ocrx_word' id='word_1_122' title='bbox 493 1983 609 2072; x_wconf 56' lang='grc' dir='ltr'><em>ζΝοίξου</em></span> <span class='ocrx_word' id='word_1_123' title='bbox 641 1985 809 2068; x_wconf 76' lang='grc' dir='ltr'><em>Τίσανδρος</em></span> <span class='ocrx_word' id='word_1_124' title='bbox 834 1987 848 2051; x_wconf 82' lang='grc' dir='ltr'><em>ὃ</em></span> <span class='ocrx_word' id='word_1_125' title='bbox 877 1988 1057 2070; x_wconf 74' lang='grc' dir='ltr'><em>Κλεοκρίτου</em></span> <span class='ocrx_word' id='word_1_126' title='bbox 1088 1986 1215 2067; x_wconf 66' lang='lat' dir='ltr'>pentec</span> <span class='ocrx_word' id='word_1_127' title='bbox 1251 1988 1355 2053; x_wconf 80' lang='grc' dir='ltr'><em>αἰτίαν</em></span> <span class='ocrx_word' id='word_1_128' title='bbox 1387 1989 1499 2070; x_wconf 78' lang='grc' dir='ltr'><em>ἐχέτω.</em></span> 
     </span>
     <span class='ocr_line' id='line_1_16' title="bbox 309 2089 1499 2175; baseline 0.001 -18"><span class='ocrx_word' id='word_1_129' title='bbox 309 2089 465 2174; x_wconf 86' lang='grc' dir='ltr'><em>Τετροίκις</em></span> <span class='ocrx_word' id='word_1_130' title='bbox 498 2093 561 2173; x_wconf 71' lang='grc' dir='ltr'>γὰρ</span> <span class='ocrx_word' id='word_1_131' title='bbox 591 2092 625 2167; x_wconf 73' lang='lat' dir='ltr'>th</span> <span class='ocrx_word' id='word_1_132' title='bbox 658 2093 689 2156; x_wconf 84' lang='grc' dir='ltr'>ἐν</span> <span class='ocrx_word' id='word_1_133' title='bbox 713 2089 839 2173; x_wconf 81' lang='grc' dir='ltr'><em>οίνδροίσι</em></span> <span class='ocrx_word' id='word_1_134' title='bbox 868 2092 1117 2175; x_wconf 72' lang='grc' dir='ltr'>κατεμαχέσατο</span> <span class='ocrx_word' id='word_1_135' title='bbox 1143 2092 1157 2157; x_wconf 83' lang='grc' dir='ltr'><em>ὃ</em></span> <span class='ocrx_word' id='word_1_136' title='bbox 1181 2093 1347 2174; x_wconf 78' lang='grc' dir='ltr'><em>Τίσανδρος</em></span> <span class='ocrx_word' id='word_1_137' title='bbox 1375 2095 1499 2167; x_wconf 82' lang='grc' dir='ltr'><em>πύκτας</em></span> 
     </span>
     <span class='ocr_line' id='line_1_17' title="bbox 310 2197 1500 2282; baseline 0.001 -19"><span class='ocrx_word' id='word_1_138' title='bbox 310 2201 342 2263; x_wconf 86' lang='grc' dir='ltr'>ἕν</span> <span class='ocrx_word' id='word_1_139' title='bbox 361 2198 549 2282; x_wconf 74' lang='grc' dir='ltr'><em>Ὀλυμπία,</em></span> <span class='ocrx_word' id='word_1_140' title='bbox 572 2201 724 2264; x_wconf 79' lang='grc' dir='ltr'><em>τοσαῦται</em></span> <span class='ocrx_word' id='word_1_141' title='bbox 749 2197 780 2262; x_wconf 79' lang='grc' dir='ltr'>δὲ</span> <span class='ocrx_word' id='word_1_142' title='bbox 805 2197 858 2264; x_wconf 77' lang='grc' dir='ltr'>καί</span> <span class='ocrx_word' id='word_1_143' title='bbox 879 2200 975 2265; x_wconf 80' lang='grc' dir='ltr'><em>Πυθοῖ</em></span> <span class='ocrx_word' id='word_1_144' title='bbox 1002 2198 1171 2277; x_wconf 71' lang='grc' dir='ltr'><em>γεγόνασιν</em></span> <span class='ocrx_word' id='word_1_145' title='bbox 1194 2199 1279 2279; x_wconf 80' lang='grc' dir='ltr'><em>αὐτῷ</em></span> <span class='ocrx_word' id='word_1_146' title='bbox 1304 2204 1396 2264; x_wconf 83' lang='grc' dir='ltr'><em>νῖκαι.</em></span> <span class='ocrx_word' id='word_1_147' title='bbox 1445 2200 1500 2264; x_wconf 84' lang='lat' dir='ltr'>Ga·</span> 
     </span>
     <span class='ocr_line' id='line_1_18' title="bbox 311 2301 1500 2388; baseline 0.003 -21"><span class='ocrx_word' id='word_1_148' title='bbox 311 2303 451 2370; x_wconf 87' lang='lat' dir='ltr'>rendum</span> <span class='ocrx_word' id='word_1_149' title='bbox 487 2303 588 2388; x_wconf 82' lang='lat' dir='ltr'>igitur</span> <span class='ocrx_word' id='word_1_150' title='bbox 620 2310 668 2369; x_wconf 91' lang='lat' dir='ltr'>est</span> <span class='ocrx_word' id='word_1_151' title='bbox 703 2321 743 2368; x_wconf 91' lang='lat' dir='ltr'>ne</span> <span class='ocrx_word' id='word_1_152' title='bbox 771 2303 858 2368; x_wconf 86' lang='lat' dir='ltr'>Naxo</span> <span class='ocrx_word' id='word_1_153' title='bbox 889 2312 921 2370; x_wconf 91' lang='lat' dir='ltr'>et</span> <span class='ocrx_word' id='word_1_154' title='bbox 954 2302 1216 2369; x_wconf 82' lang='lat' dir='ltr'>Chalcidensibus</span> <span class='ocrx_word' id='word_1_155' title='bbox 1251 2301 1333 2368; x_wconf 91' lang='lat' dir='ltr'>hane</span> <span class='ocrx_word' id='word_1_156' title='bbox 1371 2303 1500 2371; x_wconf 89' lang='lat' dir='ltr'>laudem</span> 
     </span>
     <span class='ocr_line' id='line_1_19' title="bbox 308 2406 1501 2493; baseline 0.001 -19"><span class='ocrx_word' id='word_1_157' title='bbox 308 2409 526 2474; x_wconf 84' lang='lat' dir='ltr'>Philostratus</span> <span class='ocrx_word' id='word_1_158' title='bbox 554 2408 680 2493; x_wconf 89' lang='lat' dir='ltr'>eripiat.</span> <span class='ocrx_word' id='word_1_159' title='bbox 731 2407 792 2474; x_wconf 91' lang='lat' dir='ltr'>Sed</span> <span class='ocrx_word' id='word_1_160' title='bbox 824 2407 902 2475; x_wconf 89' lang='lat' dir='ltr'>haee</span> <span class='ocrx_word' id='word_1_161' title='bbox 936 2406 1059 2475; x_wconf 88' lang='lat' dir='ltr'>obiter:</span> <span class='ocrx_word' id='word_1_162' title='bbox 1079 2417 1222 2487; x_wconf 77' lang='lat' dir='ltr'>¹transeo</span> <span class='ocrx_word' id='word_1_163' title='bbox 1257 2406 1297 2474; x_wconf 96' lang='lat' dir='ltr'>ad</span> <span class='ocrx_word' id='word_1_164' title='bbox 1326 2408 1423 2475; x_wconf 89' lang='lat' dir='ltr'>alium</span> <span class='ocrx_word' id='word_1_165' title='bbox 1458 2409 1501 2475; x_wconf 93' lang='lat' dir='ltr'>lo·</span> 
     </span>
     <span class='ocr_line' id='line_1_20' title="bbox 309 2535 395 2583; baseline -0.012 -1"><span class='ocrx_word' id='word_1_166' title='bbox 309 2535 395 2583; x_wconf 89' lang='lat' dir='ltr'>cum.</span> 
     </span>
    </p>

    <p class='ocr_par' dir='ltr' id='par_1_4' title="bbox 240 2618 1545 4606">
     <span class='ocr_line' id='line_1_21' title="bbox 354 2618 1501 2706; baseline 0 -20"><span class='ocrx_word' id='word_1_167' title='bbox 354 2619 473 2686; x_wconf 86' lang='lat' dir='ltr'>Notum</span> <span class='ocrx_word' id='word_1_168' title='bbox 497 2626 547 2685; x_wconf 90' lang='lat' dir='ltr'>est</span> <span class='ocrx_word' id='word_1_169' title='bbox 570 2618 689 2687; x_wconf 81' lang='lat' dir='ltr'>Graece</span> <span class='ocrx_word' id='word_1_170' title='bbox 718 2620 841 2706; x_wconf 91' lang='lat' dir='ltr'>passim</span> <span class='ocrx_word' id='word_1_171' title='bbox 862 2618 926 2686; x_wconf 91' lang='lat' dir='ltr'>diei</span> <span class='ocrx_word' id='word_1_172' title='bbox 957 2619 1058 2686; x_wconf 90' lang='lat' dir='ltr'>solere</span> <span class='ocrx_word' id='word_1_173' title='bbox 1080 2619 1249 2700; x_wconf 77' lang='grc' dir='ltr'><em>Ὀλύμπιοι</em></span> <span class='ocrx_word' id='word_1_174' title='bbox 1274 2623 1381 2697; x_wconf 69' lang='lat' dir='ltr'>arado,</span> <span class='ocrx_word' id='word_1_175' title='bbox 1405 2627 1501 2686; x_wconf 86' lang='lat' dir='ltr'>notus</span> 
     </span>
     <span class='ocr_line' id='line_1_22' title="bbox 240 2723 1501 2813; baseline -0.002 -21"><span class='ocrx_word' id='word_1_176' title='bbox 240 2745 242 2748; x_wconf 85' lang='lat'>·</span> <span class='ocrx_word' id='word_1_177' title='bbox 310 2733 358 2792; x_wconf 92' lang='lat' dir='ltr'>est</span> <span class='ocrx_word' id='word_1_178' title='bbox 392 2724 561 2791; x_wconf 82' lang='lat' dir='ltr'>Ennianus</span> <span class='ocrx_word' id='word_1_179' title='bbox 599 2723 713 2790; x_wconf 79' lang='lat' dir='ltr'>»fortis</span> <span class='ocrx_word' id='word_1_180' title='bbox 751 2745 853 2810; x_wconf 85' lang='lat' dir='ltr'>equus</span> <span class='ocrx_word' id='word_1_181' title='bbox 885 2727 987 2813; x_wconf 88' lang='lat' dir='ltr'>spatio</span> <span class='ocrx_word' id='word_1_182' title='bbox 1022 2727 1079 2813; x_wconf 87' lang='lat' dir='ltr'>qui</span> <span class='ocrx_word' id='word_1_183' title='bbox 1110 2744 1203 2812; x_wconf 89' lang='lat' dir='ltr'>saepe</span> <span class='ocrx_word' id='word_1_184' title='bbox 1242 2743 1393 2811; x_wconf 87' lang='lat' dir='ltr'>supremo</span> <span class='ocrx_word' id='word_1_185' title='bbox 1428 2726 1501 2791; x_wconf 86' lang='lat' dir='ltr'>eicit</span> 
     </span>
     <span class='ocr_line' id='line_1_23' title="bbox 314 2829 1500 2918; baseline 0 -22"><span class='ocrx_word' id='word_1_186' title='bbox 314 2831 495 2918; x_wconf 54' lang='lat' dir='ltr'>Olympia?</span> <span class='ocrx_word' id='word_1_187' title='bbox 543 2831 599 2897; x_wconf 90' lang='lat' dir='ltr'>Sat</span> <span class='ocrx_word' id='word_1_188' title='bbox 622 2850 715 2917; x_wconf 91' lang='lat' dir='ltr'>saepe</span> <span class='ocrx_word' id='word_1_189' title='bbox 739 2829 847 2897; x_wconf 90' lang='lat' dir='ltr'>eodem</span> <span class='ocrx_word' id='word_1_190' title='bbox 882 2851 979 2897; x_wconf 88' lang='lat' dir='ltr'>sensu</span> <span class='ocrx_word' id='word_1_191' title='bbox 1011 2831 1133 2898; x_wconf 88' lang='lat' dir='ltr'>dieitur</span> <span class='ocrx_word' id='word_1_192' title='bbox 1162 2834 1248 2898; x_wconf 70' lang='lat' dir='ltr'>vinda</span> <span class='ocrx_word' id='word_1_193' title='bbox 1277 2832 1307 2896; x_wconf 78' lang='grc' dir='ltr'>ἐν</span> <span class='ocrx_word' id='word_1_194' title='bbox 1332 2831 1500 2915; x_wconf 65' lang='lat' dir='ltr'>’cavania</span> 
     </span>
     <span class='ocr_line' id='line_1_24' title="bbox 309 2936 1498 3024; baseline -0.001 -22"><span class='ocrx_word' id='word_1_195' title='bbox 309 2947 367 3004; x_wconf 88' lang='lat' dir='ltr'>aut</span> <span class='ocrx_word' id='word_1_196' title='bbox 396 2939 638 3019; x_wconf 79' lang='grc' dir='ltr'><em>Ὀλυμπίασιν,</em></span> <span class='ocrx_word' id='word_1_197' title='bbox 677 2939 738 3003; x_wconf 88' lang='lat' dir='ltr'>nisi</span> <span class='ocrx_word' id='word_1_198' title='bbox 771 2937 854 3024; x_wconf 91' lang='lat' dir='ltr'>quod</span> <span class='ocrx_word' id='word_1_199' title='bbox 890 2938 1015 3005; x_wconf 86' lang='lat' dir='ltr'>scribae</span> <span class='ocrx_word' id='word_1_200' title='bbox 1050 2937 1223 3017; x_wconf 79' lang='grc' dir='ltr'><em>ὀλυμπιοίσι</em></span> <span class='ocrx_word' id='word_1_201' title='bbox 1260 2936 1345 3002; x_wconf 87' lang='lat' dir='ltr'>dare</span> <span class='ocrx_word' id='word_1_202' title='bbox 1372 2936 1498 3013; x_wconf 86' lang='lat' dir='ltr'>solent,</span> 
     </span>
     <span class='ocr_line' id='line_1_25' title="bbox 310 3041 1501 3130; baseline -0.002 -21"><span class='ocrx_word' id='word_1_203' title='bbox 310 3042 395 3130; x_wconf 88' lang='lat' dir='ltr'>quod</span> <span class='ocrx_word' id='word_1_204' title='bbox 419 3042 512 3108; x_wconf 92' lang='lat' dir='ltr'>nihili</span> <span class='ocrx_word' id='word_1_205' title='bbox 540 3052 599 3110; x_wconf 90' lang='lat' dir='ltr'>est.</span> <span class='ocrx_word' id='word_1_206' title='bbox 647 3042 785 3129; x_wconf 91' lang='lat' dir='ltr'>Siquid</span> <span class='ocrx_word' id='word_1_207' title='bbox 812 3063 891 3109; x_wconf 88' lang='lat' dir='ltr'>nevo</span> <span class='ocrx_word' id='word_1_208' title='bbox 918 3043 1105 3110; x_wconf 90' lang='lat' dir='ltr'>Philostrati</span> <span class='ocrx_word' id='word_1_209' title='bbox 1138 3043 1245 3109; x_wconf 82' lang='lat' dir='ltr'>Godiei</span> <span class='ocrx_word' id='word_1_210' title='bbox 1279 3041 1326 3108; x_wconf 88' lang='lat' dir='ltr'>vel</span> <span class='ocrx_word' id='word_1_211' title='bbox 1359 3041 1501 3107; x_wconf 87' lang='lat' dir='ltr'>Editori-</span> 
     </span>
     <span class='ocr_line' id='line_1_26' title="bbox 309 3146 1499 3228; baseline -0.002 -13"><span class='ocrx_word' id='word_1_212' title='bbox 309 3149 371 3215; x_wconf 88' lang='lat' dir='ltr'>bus</span> <span class='ocrx_word' id='word_1_213' title='bbox 398 3146 589 3224; x_wconf 78' lang='lat' dir='ltr'>credentuS‚</span> <span class='ocrx_word' id='word_1_214' title='bbox 625 3148 721 3212; x_wconf 90' lang='lat' dir='ltr'>etiam</span> <span class='ocrx_word' id='word_1_215' title='bbox 753 3149 796 3221; x_wconf 81' lang='grc' dir='ltr'>είς</span> <span class='ocrx_word' id='word_1_216' title='bbox 828 3148 997 3227; x_wconf 82' lang='grc' dir='ltr'><em>Ὀλύμπια</em></span> <span class='ocrx_word' id='word_1_217' title='bbox 1021 3152 1106 3213; x_wconf 73' lang='grc' dir='ltr'><em>νικᾶν</em></span> <span class='ocrx_word' id='word_1_218' title='bbox 1132 3157 1163 3214; x_wconf 91' lang='lat' dir='ltr'>et</span> <span class='ocrx_word' id='word_1_219' title='bbox 1187 3151 1273 3213; x_wconf 76' lang='grc' dir='ltr'><em>νινᾶν</em></span> <span class='ocrx_word' id='word_1_220' title='bbox 1296 3147 1499 3228; x_wconf 70' lang='grc' dir='ltr'><em>Ὀλυμπίαζε</em></span> 
     </span>
     <span class='ocr_line' id='line_1_27' title="bbox 311 3251 1499 3337; baseline -0.001 -18"><span class='ocrx_word' id='word_1_221' title='bbox 311 3253 430 3320; x_wconf 88' lang='lat' dir='ltr'>Graece</span> <span class='ocrx_word' id='word_1_222' title='bbox 454 3251 518 3317; x_wconf 88' lang='lat' dir='ltr'>dici</span> <span class='ocrx_word' id='word_1_223' title='bbox 551 3269 643 3337; x_wconf 89' lang='lat' dir='ltr'>posse</span> <span class='ocrx_word' id='word_1_224' title='bbox 663 3251 912 3317; x_wconf 84' lang='lat' dir='ltr'>existimandum</span> <span class='ocrx_word' id='word_1_225' title='bbox 939 3253 1013 3319; x_wconf 90' lang='lat' dir='ltr'>erit.</span> <span class='ocrx_word' id='word_1_226' title='bbox 1062 3252 1195 3337; x_wconf 89' lang='lat' dir='ltr'>Legitur</span> <span class='ocrx_word' id='word_1_227' title='bbox 1219 3251 1304 3316; x_wconf 91' lang='lat' dir='ltr'>enim</span> <span class='ocrx_word' id='word_1_228' title='bbox 1330 3271 1362 3336; x_wconf 93' lang='lat' dir='ltr'>p.</span> <span class='ocrx_word' id='word_1_229' title='bbox 1386 3255 1449 3318; x_wconf 67' lang='lat'>92:</span> <span class='ocrx_word' id='word_1_230' title='bbox 1474 3255 1499 3318; x_wconf 84' lang='grc' dir='ltr'>οἱ</span> 
     </span>
     <span class='ocr_line' id='line_1_28' title="bbox 310 3355 1500 3440; baseline -0.001 -16"><span class='ocrx_word' id='word_1_231' title='bbox 310 3360 341 3424; x_wconf 76' lang='grc' dir='ltr'>δὲ</span> <span class='ocrx_word' id='word_1_232' title='bbox 365 3357 576 3440; x_wconf 71' lang='grc' dir='ltr'><em>ἀσπαζόμενοι</em></span> <span class='ocrx_word' id='word_1_233' title='bbox 599 3356 658 3430; x_wconf 77' lang='grc' dir='ltr'><em>τίις</em></span> <span class='ocrx_word' id='word_1_234' title='bbox 682 3355 836 3438; x_wconf 79' lang='grc' dir='ltr'><em>τετροίδας</em></span> <span class='ocrx_word' id='word_1_235' title='bbox 860 3356 892 3422; x_wconf 89' lang='grc' dir='ltr'>τί</span> <span class='ocrx_word' id='word_1_236' title='bbox 910 3357 1079 3438; x_wconf 78' lang='grc' dir='ltr'><em>χρήσονται</em></span> <span class='ocrx_word' id='word_1_237' title='bbox 1102 3360 1215 3430; x_wconf 80' lang='grc' dir='ltr'><em>αὐταῖς</em></span> <span class='ocrx_word' id='word_1_238' title='bbox 1234 3357 1269 3429; x_wconf 79' lang='grc' dir='ltr'>ἐς</span> <span class='ocrx_word' id='word_1_239' title='bbox 1295 3356 1500 3436; x_wconf 80' lang='grc' dir='ltr'><em>Ὀλύμπια</em></span> 
     </span>
     <span class='ocr_line' id='line_1_29' title="bbox 310 3448 1499 3548; baseline -0.003 -17"><span class='ocrx_word' id='word_1_240' title='bbox 310 3448 525 3539; x_wconf 56' lang='grc' dir='ltr'><em>νικῶντας</em></span> <span class='ocrx_word' id='word_1_241' title='bbox 560 3469 593 3526; x_wconf 82' lang='lat' dir='ltr'>ei</span> <span class='ocrx_word' id='word_1_242' title='bbox 624 3480 695 3548; x_wconf 85' lang='lat' dir='ltr'>pag.</span> <span class='ocrx_word' id='word_1_243' title='bbox 718 3467 781 3527; x_wconf 80' lang='lat'>54:</span> <span class='ocrx_word' id='word_1_244' title='bbox 816 3464 869 3528; x_wconf 86' lang='grc' dir='ltr'>οὐκ</span> <span class='ocrx_word' id='word_1_245' title='bbox 902 3459 1036 3539; x_wconf 69' lang='grc' dir='ltr'><em>ἀπαξιοῖ</em></span> <span class='ocrx_word' id='word_1_246' title='bbox 1055 3461 1088 3528; x_wconf 90' lang='grc' dir='ltr'>τί</span> <span class='ocrx_word' id='word_1_247' title='bbox 1111 3486 1167 3538; x_wconf 84' lang='grc' dir='ltr'>σε,</span> <span class='ocrx_word' id='word_1_248' title='bbox 1200 3459 1280 3544; x_wconf 63' lang='grc' dir='ltr'>ἔφη,</span> <span class='ocrx_word' id='word_1_249' title='bbox 1304 3467 1364 3527; x_wconf 73' lang='grc' dir='ltr'>τῶν</span> <span class='ocrx_word' id='word_1_250' title='bbox 1387 3461 1499 3539; x_wconf 73' lang='grc' dir='ltr'><em>ἑαυτῆς</em></span> 
     </span>
     <span class='ocr_line' id='line_1_30' title="bbox 310 3565 1500 3653; baseline -0.003 -16"><span class='ocrx_word' id='word_1_251' title='bbox 310 3569 458 3637; x_wconf 76' lang='grc' dir='ltr'><em>παιδικῶν</em></span> <span class='ocrx_word' id='word_1_252' title='bbox 481 3573 657 3633; x_wconf 77' lang='grc' dir='ltr'><em>νικῶντα</em></span> <span class='ocrx_word' id='word_1_253' title='bbox 683 3566 953 3649; x_wconf 83' lang='grc' dir='ltr'><em>Ὀλυμπίαζε.</em></span> <span class='ocrx_word' id='word_1_254' title='bbox 1003 3565 1086 3643; x_wconf 85' lang='lat' dir='ltr'>Sed,</span> <span class='ocrx_word' id='word_1_255' title='bbox 1113 3566 1198 3652; x_wconf 90' lang='lat' dir='ltr'>quod</span> <span class='ocrx_word' id='word_1_256' title='bbox 1221 3586 1296 3632; x_wconf 88' lang='lat' dir='ltr'>eum</span> <span class='ocrx_word' id='word_1_257' title='bbox 1319 3565 1400 3632; x_wconf 93' lang='lat' dir='ltr'>hona</span> <span class='ocrx_word' id='word_1_258' title='bbox 1422 3588 1500 3653; x_wconf 91' lang='lat' dir='ltr'>pace</span> 
     </span>
     <span class='ocr_line' id='line_1_31' title="bbox 310 3672 1499 3758; baseline -0.003 -16"><span class='ocrx_word' id='word_1_259' title='bbox 310 3676 463 3742; x_wconf 87' lang='lat' dir='ltr'>Codicum</span> <span class='ocrx_word' id='word_1_260' title='bbox 488 3673 633 3740; x_wconf 92' lang='lat' dir='ltr'>omnium</span> <span class='ocrx_word' id='word_1_261' title='bbox 657 3679 689 3738; x_wconf 89' lang='lat' dir='ltr'>et</span> <span class='ocrx_word' id='word_1_262' title='bbox 712 3672 880 3738; x_wconf 78' lang='lat' dir='ltr'>Editorum</span> <span class='ocrx_word' id='word_1_263' title='bbox 908 3672 1032 3738; x_wconf 86' lang='lat' dir='ltr'>dietum</span> <span class='ocrx_word' id='word_1_264' title='bbox 1062 3680 1151 3750; x_wconf 89' lang='lat' dir='ltr'>esto,</span> <span class='ocrx_word' id='word_1_265' title='bbox 1191 3678 1367 3758; x_wconf 90' lang='lat' dir='ltr'>utrumque</span> <span class='ocrx_word' id='word_1_266' title='bbox 1388 3673 1499 3740; x_wconf 85' lang='lat' dir='ltr'>absur-</span> 
     </span>
     <span class='ocr_line' id='line_1_32' title="bbox 310 3776 1499 3864; baseline -0.003 -16"><span class='ocrx_word' id='word_1_267' title='bbox 310 3783 389 3848; x_wconf 91' lang='lat' dir='ltr'>dum</span> <span class='ocrx_word' id='word_1_268' title='bbox 413 3789 483 3859; x_wconf 86' lang='lat' dir='ltr'>est,</span> <span class='ocrx_word' id='word_1_269' title='bbox 507 3787 539 3847; x_wconf 90' lang='lat' dir='ltr'>et</span> <span class='ocrx_word' id='word_1_270' title='bbox 558 3780 590 3845; x_wconf 93' lang='lat' dir='ltr'>in</span> <span class='ocrx_word' id='word_1_271' title='bbox 616 3798 650 3845; x_wconf 86' lang='lat' dir='ltr'>re</span> <span class='ocrx_word' id='word_1_272' title='bbox 671 3779 883 3864; x_wconf 88' lang='lat' dir='ltr'>grammatica</span> <span class='ocrx_word' id='word_1_273' title='bbox 910 3777 1040 3864; x_wconf 89' lang='lat' dir='ltr'>quidem</span> <span class='ocrx_word' id='word_1_274' title='bbox 1061 3785 1093 3844; x_wconf 92' lang='lat' dir='ltr'>et</span> <span class='ocrx_word' id='word_1_275' title='bbox 1121 3777 1233 3843; x_wconf 85' lang='lat' dir='ltr'>critica</span> <span class='ocrx_word' id='word_1_276' title='bbox 1265 3776 1297 3841; x_wconf 93' lang='lat' dir='ltr'>id</span> <span class='ocrx_word' id='word_1_277' title='bbox 1321 3777 1404 3863; x_wconf 91' lang='lat' dir='ltr'>quod</span> <span class='ocrx_word' id='word_1_278' title='bbox 1430 3778 1499 3844; x_wconf 89' lang='lat' dir='ltr'>lieri</span> 
     </span>
     <span class='ocr_line' id='line_1_33' title="bbox 309 3882 1500 3972; baseline -0.002 -20"><span class='ocrx_word' id='word_1_279' title='bbox 309 3907 373 3952; x_wconf 94' lang='lat' dir='ltr'>non</span> <span class='ocrx_word' id='word_1_280' title='bbox 398 3893 504 3972; x_wconf 88' lang='lat' dir='ltr'>potest</span> <span class='ocrx_word' id='word_1_281' title='bbox 524 3905 586 3950; x_wconf 93' lang='lat' dir='ltr'>non</span> <span class='ocrx_word' id='word_1_282' title='bbox 608 3893 657 3950; x_wconf 89' lang='lat' dir='ltr'>est</span> <span class='ocrx_word' id='word_1_283' title='bbox 680 3904 760 3970; x_wconf 92' lang='lat' dir='ltr'>opus</span> <span class='ocrx_word' id='word_1_284' title='bbox 781 3883 912 3950; x_wconf 89' lang='lat' dir='ltr'>credere</span> <span class='ocrx_word' id='word_1_285' title='bbox 934 3882 1056 3950; x_wconf 85' lang='lat' dir='ltr'>lactum</span> <span class='ocrx_word' id='word_1_286' title='bbox 1079 3903 1149 3949; x_wconf 90' lang='lat' dir='ltr'>esse</span> <span class='ocrx_word' id='word_1_287' title='bbox 1174 3900 1348 3968; x_wconf 88' lang='lat' dir='ltr'>umquam,</span> <span class='ocrx_word' id='word_1_288' title='bbox 1373 3885 1500 3951; x_wconf 87' lang='lat' dir='ltr'>etiamsi</span> 
     </span>
     <span class='ocr_line' id='line_1_34' title="bbox 309 3986 1501 4075; baseline -0.004 -16"><span class='ocrx_word' id='word_1_289' title='bbox 309 3991 454 4059; x_wconf 85' lang='lat' dir='ltr'>sexcenti</span> <span class='ocrx_word' id='word_1_290' title='bbox 489 3996 588 4055; x_wconf 88' lang='lat' dir='ltr'>testes</span> <span class='ocrx_word' id='word_1_291' title='bbox 619 3989 732 4074; x_wconf 84' lang='lat' dir='ltr'>scripti</span> <span class='ocrx_word' id='word_1_292' title='bbox 758 3995 815 4055; x_wconf 88' lang='lat' dir='ltr'>aut</span> <span class='ocrx_word' id='word_1_293' title='bbox 845 3988 923 4055; x_wconf 89' lang='lat' dir='ltr'>editi</span> <span class='ocrx_word' id='word_1_294' title='bbox 956 3990 1000 4054; x_wconf 89' lang='lat' dir='ltr'>ita</span> <span class='ocrx_word' id='word_1_295' title='bbox 1030 4007 1100 4055; x_wconf 88' lang='lat' dir='ltr'>esse</span> <span class='ocrx_word' id='word_1_296' title='bbox 1127 3986 1284 4054; x_wconf 89' lang='lat' dir='ltr'>deierent.</span> <span class='ocrx_word' id='word_1_297' title='bbox 1340 3989 1382 4054; x_wconf 83' lang='lat' dir='ltr'>Et</span> <span class='ocrx_word' id='word_1_298' title='bbox 1411 3990 1501 4075; x_wconf 90' lang='lat' dir='ltr'>prior</span> 
     </span>
     <span class='ocr_line' id='line_1_35' title="bbox 310 4090 1500 4185; baseline -0.003 -22"><span class='ocrx_word' id='word_1_299' title='bbox 310 4097 441 4185; x_wconf 89' lang='lat' dir='ltr'>quidem</span> <span class='ocrx_word' id='word_1_300' title='bbox 467 4094 560 4161; x_wconf 88' lang='lat' dir='ltr'>testis</span> <span class='ocrx_word' id='word_1_301' title='bbox 589 4093 677 4160; x_wconf 94' lang='lat' dir='ltr'>nullo</span> <span class='ocrx_word' id='word_1_302' title='bbox 705 4095 833 4178; x_wconf 89' lang='lat' dir='ltr'>negotio</span> <span class='ocrx_word' id='word_1_303' title='bbox 855 4094 978 4160; x_wconf 88' lang='lat' dir='ltr'>destrui</span> <span class='ocrx_word' id='word_1_304' title='bbox 1008 4101 1112 4182; x_wconf 89' lang='lat' dir='ltr'>potest</span> <span class='ocrx_word' id='word_1_305' title='bbox 1143 4100 1176 4160; x_wconf 90' lang='lat' dir='ltr'>et</span> <span class='ocrx_word' id='word_1_306' title='bbox 1199 4090 1389 4161; x_wconf 82' lang='lat' dir='ltr'>manifestae</span> <span class='ocrx_word' id='word_1_307' title='bbox 1415 4093 1500 4160; x_wconf 88' lang='lat' dir='ltr'>irau-</span> 
     </span>
     <span class='ocr_line' id='line_1_36' title="bbox 311 4197 1501 4287; baseline -0.003 -17"><span class='ocrx_word' id='word_1_308' title='bbox 311 4203 362 4270; x_wconf 93' lang='lat' dir='ltr'>dis</span> <span class='ocrx_word' id='word_1_309' title='bbox 385 4200 489 4287; x_wconf 90' lang='lat' dir='ltr'>argui.</span> <span class='ocrx_word' id='word_1_310' title='bbox 537 4199 658 4286; x_wconf 88' lang='lat' dir='ltr'>Nempe</span> <span class='ocrx_word' id='word_1_311' title='bbox 679 4202 765 4266; x_wconf 72' lang='grc' dir='ltr'><em>νικοίν</em></span> <span class='ocrx_word' id='word_1_312' title='bbox 788 4201 831 4274; x_wconf 81' lang='grc' dir='ltr'>είς</span> <span class='ocrx_word' id='word_1_313' title='bbox 855 4201 1024 4280; x_wconf 78' lang='grc' dir='ltr'><em>Ὀλύμπιοι</em></span> <span class='ocrx_word' id='word_1_314' title='bbox 1047 4199 1086 4265; x_wconf 92' lang='lat' dir='ltr'>ah</span> <span class='ocrx_word' id='word_1_315' title='bbox 1112 4219 1149 4266; x_wconf 89' lang='lat' dir='ltr'>eo</span> <span class='ocrx_word' id='word_1_316' title='bbox 1172 4197 1327 4264; x_wconf 86' lang='lat' dir='ltr'>dicuntur</span> <span class='ocrx_word' id='word_1_317' title='bbox 1357 4220 1418 4265; x_wconf 92' lang='lat' dir='ltr'>non</span> <span class='ocrx_word' id='word_1_318' title='bbox 1445 4201 1501 4287; x_wconf 87' lang='lat' dir='ltr'>qui</span> 
     </span>
     <span class='ocr_line' id='line_1_37' title="bbox 310 4304 1501 4392; baseline -0.005 -17"><span class='ocrx_word' id='word_1_319' title='bbox 310 4310 449 4375; x_wconf 82' lang='lat' dir='ltr'>eicerent</span> <span class='ocrx_word' id='word_1_320' title='bbox 469 4306 525 4373; x_wconf 93' lang='lat' dir='ltr'>sed</span> <span class='ocrx_word' id='word_1_321' title='bbox 552 4305 607 4392; x_wconf 90' lang='lat' dir='ltr'>qui</span> <span class='ocrx_word' id='word_1_322' title='bbox 627 4304 734 4370; x_wconf 86' lang='lat' dir='ltr'>volunt</span> <span class='ocrx_word' id='word_1_323' title='bbox 760 4306 902 4384; x_wconf 85' lang='lat' dir='ltr'>uincere,</span> <span class='ocrx_word' id='word_1_324' title='bbox 928 4306 956 4371; x_wconf 93' lang='lat' dir='ltr'>si</span> <span class='ocrx_word' id='word_1_325' title='bbox 981 4304 1058 4371; x_wconf 85' lang='lat' dir='ltr'>tides</span> <span class='ocrx_word' id='word_1_326' title='bbox 1087 4304 1276 4390; x_wconf 88' lang='lat' dir='ltr'>interpreti:</span> <span class='ocrx_word' id='word_1_327' title='bbox 1315 4304 1420 4370; x_wconf 81' lang='lat' dir='ltr'>»Geux</span> <span class='ocrx_word' id='word_1_328' title='bbox 1444 4306 1501 4391; x_wconf 87' lang='lat' dir='ltr'>qui</span> 
     </span>
     <span class='ocr_line' id='line_1_38' title="bbox 311 4408 1545 4498; baseline -0.005 -18"><span class='ocrx_word' id='word_1_329' title='bbox 311 4412 504 4481; x_wconf 89' lang='lat' dir='ltr'>s&#39;attachent</span> <span class='ocrx_word' id='word_1_330' title='bbox 530 4431 593 4479; x_wconf 88' lang='lat' dir='ltr'>aux</span> <span class='ocrx_word' id='word_1_331' title='bbox 624 4408 787 4489; x_wconf 83' lang='lat' dir='ltr'>tetrades,</span> <span class='ocrx_word' id='word_1_332' title='bbox 818 4412 914 4498; x_wconf 91' lang='lat' dir='ltr'>qu&#39;en</span> <span class='ocrx_word' id='word_1_333' title='bbox 939 4409 1098 4477; x_wconf 79' lang='lat' dir='ltr'>ierom-ils</span> <span class='ocrx_word' id='word_1_334' title='bbox 1130 4409 1199 4475; x_wconf 82' lang='lat' dir='ltr'>s&#39;ils</span> <span class='ocrx_word' id='word_1_335' title='bbox 1224 4409 1348 4475; x_wconf 79' lang='lat' dir='ltr'>venient</span> <span class='ocrx_word' id='word_1_336' title='bbox 1377 4410 1502 4475; x_wconf 76' lang='lat' dir='ltr'>uolnere</span> <span class='ocrx_word' id='word_1_337' title='bbox 1535 4430 1545 4443; x_wconf 48' lang='lat'><strong><em>³</em></strong></span> 
     </span>
     <span class='ocr_line' id='line_1_39' title="bbox 311 4515 1502 4606; baseline -0.006 -20"><span class='ocrx_word' id='word_1_338' title='bbox 311 4521 331 4588; x_wconf 82' lang='grc' dir='ltr'><strong><em>ὰ</em></strong></span> <span class='ocrx_word' id='word_1_339' title='bbox 355 4517 561 4606; x_wconf 76' lang='lat' dir='ltr'>otpmpte?”</span> <span class='ocrx_word' id='word_1_340' title='bbox 607 4517 665 4584; x_wconf 82' lang='lat' dir='ltr'>Est</span> <span class='ocrx_word' id='word_1_341' title='bbox 689 4516 831 4603; x_wconf 88' lang='lat' dir='ltr'>aliquid,</span> <span class='ocrx_word' id='word_1_342' title='bbox 856 4517 986 4603; x_wconf 87' lang='lat' dir='ltr'>opinor,</span> <span class='ocrx_word' id='word_1_343' title='bbox 1011 4516 1096 4585; x_wconf 89' lang='lat' dir='ltr'>inter</span> <span class='ocrx_word' id='word_1_344' title='bbox 1120 4515 1333 4582; x_wconf 82' lang='lat' dir='ltr'>viatoriemet</span> <span class='ocrx_word' id='word_1_345' title='bbox 1358 4515 1502 4582; x_wconf 75' lang='lat' dir='ltr'>vincendi</span> 
     </span>
    </p>
   </div>
   <div class='ocr_carea' id='block_1_3' title="bbox 0 0 1640 5190">
    <p class='ocr_par' dir='ltr' id='par_1_5' title="bbox 0 0 1640 5190">
     <span class='ocr_line' id='line_1_40' title="bbox 0 0 1640 5190; baseline 0 0"><span class='ocrx_word' id='word_1_346' title='bbox 0 0 1640 5190; x_wconf 95' lang='lat' dir='ltr'> </span> 
     </span>
    </p>
   </div>
  </div>
 </body>
</html>
