<?xml version="1.0" encoding="UTF-8"?>
<!DOCTYPE html PUBLIC "-//W3C//DTD XHTML 1.0 Transitional//EN"
    "http://www.w3.org/TR/xhtml1/DTD/xhtml1-transitional.dtd">
<html xmlns="http://www.w3.org/1999/xhtml" xml:lang="en" lang="en">
 <head>
  <title>
</title>
<meta http-equiv="Content-Type" content="text/html;charset=utf-8" />
  <meta name='ocr-system' content='tesseract 3.04.00' />
  <meta name='ocr-capabilities' content='ocr_page ocr_carea ocr_par ocr_line ocrx_word'/>
</head>
<body>
  <div class='ocr_page' id='page_1' title='image "./dephilostratili00cobegoog_0020.png"; bbox 0 0 3270 5190; ppageno 0'>
   <div class='ocr_carea' id='block_1_1' title="bbox 48 445 1316 4610">
    <p class='ocr_par' dir='ltr' id='par_1_1' title="bbox 122 445 1316 1864">
     <span class='ocr_line' id='line_1_1' title="bbox 699 445 739 509; baseline 0.025 -1"><span class='ocrx_word' id='word_1_1' title='bbox 699 445 739 509; x_wconf 84' lang='lat'><strong>15</strong></span> 
     </span>
     <span class='ocr_line' id='line_1_2' title="bbox 126 617 1316 710; baseline -0.005 -16"><span class='ocrx_word' id='word_1_2' title='bbox 126 627 244 694; x_wconf 81' lang='lat' dir='ltr'><strong>ronods</strong></span> <span class='ocrx_word' id='word_1_3' title='bbox 270 640 330 710; x_wconf 88' lang='lat' dir='ltr'><strong>par</strong></span> <span class='ocrx_word' id='word_1_4' title='bbox 363 619 515 686; x_wconf 78' lang='lat' dir='ltr'><strong>l’anxidte</strong></span> <span class='ocrx_word' id='word_1_5' title='bbox 546 625 601 686; x_wconf 93' lang='lat' dir='ltr'><strong>ont</strong></span> <span class='ocrx_word' id='word_1_6' title='bbox 635 618 663 685; x_wconf 91' lang='lat' dir='ltr'><strong>le</strong></span> <span class='ocrx_word' id='word_1_7' title='bbox 695 617 827 686; x_wconf 88' lang='lat' dir='ltr'><strong>dessous</strong></span> <span class='ocrx_word' id='word_1_8' title='bbox 859 619 914 688; x_wconf 88' lang='lat' dir='ltr'><strong>des</strong></span> <span class='ocrx_word' id='word_1_9' title='bbox 944 641 1026 710; x_wconf 84' lang='lat' dir='ltr'><strong>yenx</strong></span> <span class='ocrx_word' id='word_1_10' title='bbox 1059 622 1195 708; x_wconf 82' lang='lat' dir='ltr'><strong>amaigri</strong></span> <span class='ocrx_word' id='word_1_11' title='bbox 1230 622 1316 690; x_wconf 88' lang='lat' dir='ltr'><strong>eto.”</strong></span> 
     </span>
     <span class='ocr_line' id='line_1_3' title="bbox 126 722 1316 816; baseline -0.005 -16"><span class='ocrx_word' id='word_1_12' title='bbox 126 733 244 804; x_wconf 81' lang='lat' dir='ltr'><strong>Adeste</strong></span> <span class='ocrx_word' id='word_1_13' title='bbox 277 725 467 810; x_wconf 89' lang='lat' dir='ltr'><strong>omnesqui</strong></span> <span class='ocrx_word' id='word_1_14' title='bbox 502 722 600 789; x_wconf 89' lang='lat' dir='ltr'><strong>bonos</strong></span> <span class='ocrx_word' id='word_1_15' title='bbox 633 725 806 810; x_wconf 71' lang='lat' dir='ltr'><strong>scriptores</strong></span> <span class='ocrx_word' id='word_1_16' title='bbox 838 725 1042 812; x_wconf 83' lang='lat' dir='ltr'><strong>explicandos</strong></span> <span class='ocrx_word' id='word_1_17' title='bbox 1076 729 1183 814; x_wconf 88' lang='lat' dir='ltr'><strong>potins</strong></span> <span class='ocrx_word' id='word_1_18' title='bbox 1218 748 1316 816; x_wconf 88' lang='lat' dir='ltr'><strong>quam</strong></span> 
     </span>
     <span class='ocr_line' id='line_1_4' title="bbox 125 828 1315 911; baseline -0.005 -7"><span class='ocrx_word' id='word_1_19' title='bbox 125 845 237 904; x_wconf 88' lang='lat' dir='ltr'><strong>contra</strong></span> <span class='ocrx_word' id='word_1_20' title='bbox 262 833 354 900; x_wconf 83' lang='lat' dir='ltr'><strong>fidem</strong></span> <span class='ocrx_word' id='word_1_21' title='bbox 383 840 527 896; x_wconf 91' lang='lat' dir='ltr'><strong>veterum</strong></span> <span class='ocrx_word' id='word_1_22' title='bbox 555 828 817 895; x_wconf 88' lang='lat' dir='ltr'><strong>membranarum</strong></span> <span class='ocrx_word' id='word_1_23' title='bbox 844 833 1059 902; x_wconf 91' lang='lat' dir='ltr'><strong>emendandos</strong></span> <span class='ocrx_word' id='word_1_24' title='bbox 1084 834 1242 911; x_wconf 89' lang='lat' dir='ltr'><strong>censetis,</strong></span> <span class='ocrx_word' id='word_1_25' title='bbox 1266 852 1315 898; x_wconf 88' lang='lat' dir='ltr'><strong>eo-</strong></span> 
     </span>
     <span class='ocr_line' id='line_1_5' title="bbox 125 933 1315 1030; baseline -0.004 -22"><span class='ocrx_word' id='word_1_26' title='bbox 125 943 203 1030; x_wconf 87' lang='lat' dir='ltr'>quid</span> <span class='ocrx_word' id='word_1_27' title='bbox 233 941 338 1028; x_wconf 89' lang='lat' dir='ltr'><strong>placet</strong></span> <span class='ocrx_word' id='word_1_28' title='bbox 371 935 424 1002; x_wconf 90' lang='lat' dir='ltr'><strong>illa</strong></span> <span class='ocrx_word' id='word_1_29' title='bbox 458 933 707 1020; x_wconf 72' lang='lat' dir='ltr'><strong>interpretatio?</strong></span> <span class='ocrx_word' id='word_1_30' title='bbox 755 936 939 1021; x_wconf 81' lang='lat' dir='ltr'><strong>Agnoscitis</strong></span> <span class='ocrx_word' id='word_1_31' title='bbox 969 948 1113 1007; x_wconf 85' lang='lat' dir='ltr'><strong>vestrum</strong></span> <span class='ocrx_word' id='word_1_32' title='bbox 1141 947 1175 1003; x_wconf 86' lang='lat' dir='ltr'><strong>ut</strong></span> <span class='ocrx_word' id='word_1_33' title='bbox 1198 939 1243 1003; x_wconf 83' lang='lat' dir='ltr'><strong>itu</strong></span> <span class='ocrx_word' id='word_1_34' title='bbox 1269 938 1315 1003; x_wconf 82' lang='lat' dir='ltr'><strong>di·</strong></span> 
     </span>
     <span class='ocr_line' id='line_1_6' title="bbox 125 1039 1316 1129; baseline 0.008 -31"><span class='ocrx_word' id='word_1_35' title='bbox 125 1069 214 1126; x_wconf 60' lang='lat' dir='ltr'><strong><em>eam,</em></strong></span> <span class='ocrx_word' id='word_1_36' title='bbox 238 1045 356 1122; x_wconf 59' lang='lat' dir='ltr'><strong>peltant,</strong></span> <span class='ocrx_word' id='word_1_37' title='bbox 381 1041 491 1128; x_wconf 72' lang='lat' dir='ltr'><strong>poturi,</strong></span> <span class='ocrx_word' id='word_1_38' title='bbox 517 1049 694 1125; x_wconf 72' lang='lat' dir='ltr'><strong>tuluppam,</strong></span> <span class='ocrx_word' id='word_1_39' title='bbox 720 1039 837 1126; x_wconf 88' lang='lat' dir='ltr'><strong>quibus</strong></span> <span class='ocrx_word' id='word_1_40' title='bbox 859 1051 1023 1111; x_wconf 90' lang='lat' dir='ltr'><strong>contortas</strong></span> <span class='ocrx_word' id='word_1_41' title='bbox 1052 1053 1084 1111; x_wconf 90' lang='lat' dir='ltr'><strong>et</strong></span> <span class='ocrx_word' id='word_1_42' title='bbox 1109 1042 1316 1129; x_wconf 79' lang='lat' dir='ltr'><strong>confragosas</strong></span> 
     </span>
     <span class='ocr_line' id='line_1_7' title="bbox 122 1144 1315 1237; baseline 0.003 -20"><span class='ocrx_word' id='word_1_43' title='bbox 122 1149 405 1237; x_wconf 83' lang='lat' dir='ltr'><strong>interpretationes</strong></span> <span class='ocrx_word' id='word_1_44' title='bbox 429 1144 545 1212; x_wconf 80' lang='lat' dir='ltr'><strong>fulcire</strong></span> <span class='ocrx_word' id='word_1_45' title='bbox 577 1144 696 1211; x_wconf 87' lang='lat' dir='ltr'><strong>soletis.</strong></span> <span class='ocrx_word' id='word_1_46' title='bbox 746 1145 807 1211; x_wconf 88' lang='lat' dir='ltr'><strong>Sed</strong></span> <span class='ocrx_word' id='word_1_47' title='bbox 832 1146 909 1213; x_wconf 89' lang='lat' dir='ltr'><strong>haec</strong></span> <span class='ocrx_word' id='word_1_48' title='bbox 943 1150 1074 1235; x_wconf 89' lang='lat' dir='ltr'><strong>quidem</strong></span> <span class='ocrx_word' id='word_1_49' title='bbox 1096 1170 1190 1216; x_wconf 93' lang='lat' dir='ltr'><strong>nemo</strong></span> <span class='ocrx_word' id='word_1_50' title='bbox 1213 1147 1315 1220; x_wconf 80' lang='lat' dir='ltr'><strong>leret.</strong></span> 
     </span>
     <span class='ocr_line' id='line_1_8' title="bbox 123 1250 1315 1342; baseline -0.003 -19"><span class='ocrx_word' id='word_1_51' title='bbox 123 1257 237 1333; x_wconf 80' lang='lat' dir='ltr'><strong>credo,</strong></span> <span class='ocrx_word' id='word_1_52' title='bbox 271 1259 328 1319; x_wconf 85' lang='lat' dir='ltr'><strong>aut</strong></span> <span class='ocrx_word' id='word_1_53' title='bbox 360 1253 431 1317; x_wconf 92' lang='lat' dir='ltr'><strong>eins</strong></span> <span class='ocrx_word' id='word_1_54' title='bbox 453 1251 553 1337; x_wconf 90' lang='lat' dir='ltr'><strong>capiti</strong></span> <span class='ocrx_word' id='word_1_55' title='bbox 583 1269 645 1313; x_wconf 91' lang='lat' dir='ltr'><strong>uon</strong></span> <span class='ocrx_word' id='word_1_56' title='bbox 675 1271 774 1336; x_wconf 71' lang='lat' dir='ltr'><strong>carpor</strong></span> <span class='ocrx_word' id='word_1_57' title='bbox 799 1250 896 1339; x_wconf 89' lang='lat' dir='ltr'><strong>(quod</strong></span> <span class='ocrx_word' id='word_1_58' title='bbox 923 1252 993 1318; x_wconf 85' lang='lat' dir='ltr'><strong>lieri</strong></span> <span class='ocrx_word' id='word_1_59' title='bbox 1018 1275 1080 1320; x_wconf 91' lang='lat' dir='ltr'><strong>non</strong></span> <span class='ocrx_word' id='word_1_60' title='bbox 1117 1254 1233 1342; x_wconf 91' lang='lat' dir='ltr'><strong>potest)</strong></span> <span class='ocrx_word' id='word_1_61' title='bbox 1259 1253 1315 1320; x_wconf 92' lang='lat' dir='ltr'><strong>sed</strong></span> 
     </span>
     <span class='ocr_line' id='line_1_9' title="bbox 122 1353 1316 1443; baseline -0.005 -13"><span class='ocrx_word' id='word_1_62' title='bbox 122 1361 266 1430; x_wconf 85' lang='lat' dir='ltr'><strong>cucullas</strong></span> <span class='ocrx_word' id='word_1_63' title='bbox 299 1359 494 1443; x_wconf 80' lang='lat' dir='ltr'><strong>imponetur.</strong></span> <span class='ocrx_word' id='word_1_64' title='bbox 550 1353 673 1420; x_wconf 82' lang='lat' dir='ltr'><strong>Adhibe</strong></span> <span class='ocrx_word' id='word_1_65' title='bbox 698 1354 795 1420; x_wconf 91' lang='lat' dir='ltr'><strong>semel</strong></span> <span class='ocrx_word' id='word_1_66' title='bbox 827 1354 997 1423; x_wconf 87' lang='lat' dir='ltr'><strong>dubitandi</strong></span> <span class='ocrx_word' id='word_1_67' title='bbox 1030 1359 1251 1425; x_wconf 80' lang='lat' dir='ltr'><strong>salubritatem</strong></span> <span class='ocrx_word' id='word_1_68' title='bbox 1284 1365 1316 1424; x_wconf 89' lang='lat' dir='ltr'><strong>et</strong></span> 
     </span>
     <span class='ocr_line' id='line_1_10' title="bbox 124 1458 1316 1546; baseline -0.002 -15"><span class='ocrx_word' id='word_1_69' title='bbox 124 1487 232 1534; x_wconf 83' lang='lat' dir='ltr'><strong>reram</strong></span> <span class='ocrx_word' id='word_1_70' title='bbox 266 1463 461 1541; x_wconf 88' lang='lat' dir='ltr'><strong>lectionem,</strong></span> <span class='ocrx_word' id='word_1_71' title='bbox 492 1458 586 1525; x_wconf 92' lang='lat' dir='ltr'><strong>mihi·</strong></span> <span class='ocrx_word' id='word_1_72' title='bbox 606 1458 720 1538; x_wconf 88' lang='lat' dir='ltr'><strong>crede,</strong></span> <span class='ocrx_word' id='word_1_73' title='bbox 753 1470 942 1546; x_wconf 88' lang='lat' dir='ltr'><strong>reperturus</strong></span> <span class='ocrx_word' id='word_1_74' title='bbox 963 1483 1007 1528; x_wconf 91' lang='lat' dir='ltr'><strong>es.</strong></span> <span class='ocrx_word' id='word_1_75' title='bbox 1055 1463 1243 1530; x_wconf 91' lang='lat' dir='ltr'><strong>bleudosnm</strong></span> <span class='ocrx_word' id='word_1_76' title='bbox 1267 1470 1316 1529; x_wconf 86' lang='lat' dir='ltr'><strong>est</strong></span> 
     </span>
     <span class='ocr_line' id='line_1_11' title="bbox 126 1564 1314 1656; baseline -0.005 -18"><span class='ocrx_word' id='word_1_77' title='bbox 126 1573 227 1656; x_wconf 75' lang='grc' dir='ltr'><em>ςέφα.</em></span> <span class='ocrx_word' id='word_1_78' title='bbox 276 1567 376 1649; x_wconf 81' lang='lat' dir='ltr'><strong>Quale</strong></span> <span class='ocrx_word' id='word_1_79' title='bbox 400 1566 532 1632; x_wconf 90' lang='lat' dir='ltr'><strong>verbum</strong></span> <span class='ocrx_word' id='word_1_80' title='bbox 557 1564 761 1650; x_wconf 84' lang='lat' dir='ltr'><strong>requiritur?</strong></span> <span class='ocrx_word' id='word_1_81' title='bbox 786 1566 853 1632; x_wconf 90' lang='lat' dir='ltr'><strong>Non</strong></span> <span class='ocrx_word' id='word_1_82' title='bbox 876 1575 1020 1646; x_wconf 84' lang='lat' dir='ltr'><strong>coronat,</strong></span> <span class='ocrx_word' id='word_1_83' title='bbox 1045 1568 1099 1635; x_wconf 94' lang='lat' dir='ltr'><strong>sed</strong></span> <span class='ocrx_word' id='word_1_84' title='bbox 1124 1570 1230 1655; x_wconf 84' lang='lat' dir='ltr'><strong>cupit,</strong></span> <span class='ocrx_word' id='word_1_85' title='bbox 1255 1578 1314 1633; x_wconf 86' lang='lat' dir='ltr'><strong>tor-</strong></span> 
     </span>
     <span class='ocr_line' id='line_1_12' title="bbox 127 1670 1315 1765; baseline -0.003 -22"><span class='ocrx_word' id='word_1_86' title='bbox 127 1686 220 1765; x_wconf 82' lang='lat' dir='ltr'><strong>quet,</strong></span> <span class='ocrx_word' id='word_1_87' title='bbox 245 1675 372 1742; x_wconf 84' lang='lat' dir='ltr'><strong>crneiut.</strong></span> <span class='ocrx_word' id='word_1_88' title='bbox 420 1670 548 1738; x_wconf 84' lang='lat' dir='ltr'><strong>Nihilne</strong></span> <span class='ocrx_word' id='word_1_89' title='bbox 572 1671 668 1735; x_wconf 86' lang='lat' dir='ltr'><strong>etiarn</strong></span> <span class='ocrx_word' id='word_1_90' title='bbox 690 1671 838 1756; x_wconf 87' lang='lat' dir='ltr'><strong>reperis?</strong></span> <span class='ocrx_word' id='word_1_91' title='bbox 876 1672 1056 1740; x_wconf 84' lang='lat' dir='ltr'><strong>Recordare</strong></span> <span class='ocrx_word' id='word_1_92' title='bbox 1089 1695 1200 1741; x_wconf 90' lang='lat' dir='ltr'><strong>eorum</strong></span> <span class='ocrx_word' id='word_1_93' title='bbox 1232 1692 1315 1761; x_wconf 88' lang='lat' dir='ltr'><strong>quae</strong></span> 
     </span>
     <span class='ocr_line' id='line_1_13' title="bbox 128 1775 1110 1864; baseline -0.003 -15"><span class='ocrx_word' id='word_1_94' title='bbox 128 1803 166 1849; x_wconf 87' lang='lat' dir='ltr'><strong>ex</strong></span> <span class='ocrx_word' id='word_1_95' title='bbox 192 1781 297 1849; x_wconf 83' lang='lat' dir='ltr'><strong>Ennio</strong></span> <span class='ocrx_word' id='word_1_96' title='bbox 318 1788 384 1845; x_wconf 89' lang='lat' dir='ltr'><strong>tam</strong></span> <span class='ocrx_word' id='word_1_97' title='bbox 407 1776 511 1864; x_wconf 90' lang='lat' dir='ltr'><strong>lepide</strong></span> <span class='ocrx_word' id='word_1_98' title='bbox 530 1776 641 1841; x_wconf 85' lang='lat' dir='ltr'><strong>Cicero</strong></span> <span class='ocrx_word' id='word_1_99' title='bbox 664 1775 697 1840; x_wconf 91' lang='lat' dir='ltr'><strong>in</strong></span> <span class='ocrx_word' id='word_1_100' title='bbox 722 1797 791 1842; x_wconf 92' lang='lat' dir='ltr'><strong>rem</strong></span> <span class='ocrx_word' id='word_1_101' title='bbox 814 1798 906 1844; x_wconf 88' lang='lat' dir='ltr'><strong>suam</strong></span> <span class='ocrx_word' id='word_1_102' title='bbox 931 1781 1110 1847; x_wconf 88' lang='lat' dir='ltr'><strong>convertit:</strong></span> 
     </span>
    </p>

    <p class='ocr_par' dir='ltr' id='par_1_2' title="bbox 264 1879 1151 1970">
     <span class='ocr_line' id='line_1_14' title="bbox 264 1879 1151 1970; baseline -0.001 -19"><span class='ocrx_word' id='word_1_103' title='bbox 264 1883 290 1952; x_wconf 88' lang='grc' dir='ltr'><strong>θ</strong></span> <span class='ocrx_word' id='word_1_104' title='bbox 314 1885 408 1962; x_wconf 85' lang='lat' dir='ltr'><strong>Tite,</strong></span> <span class='ocrx_word' id='word_1_105' title='bbox 432 1883 460 1947; x_wconf 91' lang='lat' dir='ltr'><strong>si</strong></span> <span class='ocrx_word' id='word_1_106' title='bbox 485 1879 562 1966; x_wconf 90' lang='lat' dir='ltr'><strong>qnid</strong></span> <span class='ocrx_word' id='word_1_107' title='bbox 587 1901 645 1966; x_wconf 81' lang='lat' dir='ltr'><strong>ego</strong></span> <span class='ocrx_word' id='word_1_108' title='bbox 669 1880 783 1947; x_wconf 80' lang='lat' dir='ltr'><strong>adiuro</strong></span> <span class='ocrx_word' id='word_1_109' title='bbox 807 1903 984 1970; x_wconf 87' lang='lat' dir='ltr'><strong>curamque</strong></span> <span class='ocrx_word' id='word_1_110' title='bbox 1008 1884 1151 1963; x_wconf 88' lang='lat' dir='ltr'><strong>levasso,</strong></span> 
     </span>
    </p>

    <p class='ocr_par' dir='ltr' id='par_1_3' title="bbox 263 1986 1165 2077">
     <span class='ocr_line' id='line_1_15' title="bbox 263 1986 1165 2077; baseline 0 -22"><span class='ocrx_word' id='word_1_111' title='bbox 263 2009 345 2077; x_wconf 87' lang='lat' dir='ltr'><strong>quae</strong></span> <span class='ocrx_word' id='word_1_112' title='bbox 370 2009 456 2054; x_wconf 89' lang='lat' dir='ltr'><strong>nunc</strong></span> <span class='ocrx_word' id='word_1_113' title='bbox 480 1997 512 2053; x_wconf 88' lang='lat' dir='ltr'><strong>te</strong></span> <span class='ocrx_word' id='word_1_114' title='bbox 536 1986 645 2071; x_wconf 79' lang='lat' dir='ltr'><strong>coquit</strong></span> <span class='ocrx_word' id='word_1_115' title='bbox 669 1993 701 2051; x_wconf 87' lang='lat' dir='ltr'><strong>et</strong></span> <span class='ocrx_word' id='word_1_116' title='bbox 723 1999 826 2053; x_wconf 81' lang='lat' dir='ltr'><strong>versut</strong></span> <span class='ocrx_word' id='word_1_117' title='bbox 848 1987 908 2054; x_wconf 93' lang='lat' dir='ltr'><strong>snb</strong></span> <span class='ocrx_word' id='word_1_118' title='bbox 934 1996 1062 2074; x_wconf 82' lang='lat' dir='ltr'><strong>pectore</strong></span> <span class='ocrx_word' id='word_1_119' title='bbox 1093 1990 1165 2056; x_wconf 86' lang='lat' dir='ltr'><strong>lixa.</strong></span> 
     </span>
    </p>

    <p class='ocr_par' dir='ltr' id='par_1_4' title="bbox 126 2087 1313 2396">
     <span class='ocr_line' id='line_1_16' title="bbox 171 2087 1313 2176; baseline -0.001 -12"><span class='ocrx_word' id='word_1_120' title='bbox 171 2099 255 2165; x_wconf 86' lang='lat' dir='ltr'><strong>Ecce</strong></span> <span class='ocrx_word' id='word_1_121' title='bbox 278 2095 397 2161; x_wconf 88' lang='lat' dir='ltr'><strong>emicat</strong></span> <span class='ocrx_word' id='word_1_122' title='bbox 416 2111 492 2159; x_wconf 90' lang='lat' dir='ltr'><strong>vera</strong></span> <span class='ocrx_word' id='word_1_123' title='bbox 523 2090 619 2155; x_wconf 88' lang='lat' dir='ltr'><strong>lectio</strong></span> <span class='ocrx_word' id='word_1_124' title='bbox 640 2087 689 2164; x_wconf 80' lang='grc' dir='ltr'><strong>οὓς</strong></span> <span class='ocrx_word' id='word_1_125' title='bbox 712 2090 738 2155; x_wconf 78' lang='grc' dir='ltr'><strong>δ’</strong></span> <span class='ocrx_word' id='word_1_126' title='bbox 766 2092 804 2158; x_wconf 71' lang='lat' dir='ltr'><strong>dr</strong></span> <span class='ocrx_word' id='word_1_127' title='bbox 831 2093 970 2176; x_wconf 79' lang='grc' dir='ltr'><em>ςρέφον</em></span> <span class='ocrx_word' id='word_1_128' title='bbox 994 2095 1126 2172; x_wconf 64' lang='grc' dir='ltr'><em>ἀγωνία.</em></span> <span class='ocrx_word' id='word_1_129' title='bbox 1174 2095 1239 2162; x_wconf 89' lang='lat' dir='ltr'><strong>lloo</strong></span> <span class='ocrx_word' id='word_1_130' title='bbox 1262 2096 1313 2163; x_wconf 92' lang='lat' dir='ltr'><strong>de·</strong></span> 
     </span>
     <span class='ocr_line' id='line_1_17' title="bbox 126 2196 1313 2283; baseline -0.003 -12"><span class='ocrx_word' id='word_1_131' title='bbox 126 2225 216 2270; x_wconf 85' lang='lat' dir='ltr'><strong>mutu</strong></span> <span class='ocrx_word' id='word_1_132' title='bbox 241 2202 398 2269; x_wconf 87' lang='lat' dir='ltr'><strong>Graecum</strong></span> <span class='ocrx_word' id='word_1_133' title='bbox 419 2204 450 2264; x_wconf 92' lang='lat' dir='ltr'><strong>et</strong></span> <span class='ocrx_word' id='word_1_134' title='bbox 473 2215 586 2260; x_wconf 89' lang='lat' dir='ltr'><strong>sanum</strong></span> <span class='ocrx_word' id='word_1_135' title='bbox 609 2202 667 2259; x_wconf 92' lang='lat' dir='ltr'><strong>est.</strong></span> <span class='ocrx_word' id='word_1_136' title='bbox 717 2196 848 2282; x_wconf 90' lang='lat' dir='ltr'><strong>Proprie</strong></span> <span class='ocrx_word' id='word_1_137' title='bbox 870 2206 901 2263; x_wconf 90' lang='lat' dir='ltr'><strong>et</strong></span> <span class='ocrx_word' id='word_1_138' title='bbox 920 2199 1078 2283; x_wconf 86' lang='lat' dir='ltr'><strong>exquisite</strong></span> <span class='ocrx_word' id='word_1_139' title='bbox 1097 2199 1235 2267; x_wconf 89' lang='lat' dir='ltr'><strong>doloret</strong></span> <span class='ocrx_word' id='word_1_140' title='bbox 1258 2220 1313 2267; x_wconf 88' lang='lat' dir='ltr'><strong>an·</strong></span> 
     </span>
     <span class='ocr_line' id='line_1_18' title="bbox 128 2299 1278 2396; baseline -0.003 -21"><span class='ocrx_word' id='word_1_141' title='bbox 128 2328 186 2396; x_wconf 86' lang='lat' dir='ltr'><strong>gor</strong></span> <span class='ocrx_word' id='word_1_142' title='bbox 210 2303 427 2392; x_wconf 64' lang='lat' dir='ltr'><strong>epidauraei</strong></span> <span class='ocrx_word' id='word_1_143' title='bbox 452 2301 619 2367; x_wconf 88' lang='lat' dir='ltr'><strong>dicuntur.</strong></span> <span class='ocrx_word' id='word_1_144' title='bbox 668 2299 897 2387; x_wconf 80' lang='lat' dir='ltr'><strong>Aristophanes</strong></span> <span class='ocrx_word' id='word_1_145' title='bbox 923 2302 955 2366; x_wconf 93' lang='lat' dir='ltr'><strong>iu</strong></span> <span class='ocrx_word' id='word_1_146' title='bbox 986 2302 1078 2369; x_wconf 91' lang='lat' dir='ltr'><strong>Pluto</strong></span> <span class='ocrx_word' id='word_1_147' title='bbox 1102 2323 1149 2371; x_wconf 85' lang='lat' dir='ltr'><strong>vs.</strong></span> <span class='ocrx_word' id='word_1_148' title='bbox 1175 2306 1278 2372; x_wconf 76' lang='lat'>1131:</span> 
     </span>
    </p>

    <p class='ocr_par' dir='ltr' id='par_1_5' title="bbox 263 2403 1129 2494">
     <span class='ocr_line' id='line_1_19' title="bbox 263 2403 1129 2494; baseline -0.002 -16"><span class='ocrx_word' id='word_1_149' title='bbox 263 2413 348 2486; x_wconf 75' lang='grc' dir='ltr'><em>ὀδύνα</em></span> <span class='ocrx_word' id='word_1_150' title='bbox 373 2435 408 2475; x_wconf 84' lang='grc' dir='ltr'><strong>σε</strong></span> <span class='ocrx_word' id='word_1_151' title='bbox 432 2406 499 2490; x_wconf 75' lang='grc' dir='ltr'><strong>περὶ</strong></span> <span class='ocrx_word' id='word_1_152' title='bbox 523 2406 566 2471; x_wconf 77' lang='grc' dir='ltr'><strong>πα</strong></span> <span class='ocrx_word' id='word_1_153' title='bbox 594 2403 764 2487; x_wconf 67' lang='grc' dir='ltr'><em>σπλάγχν’</em></span> <span class='ocrx_word' id='word_1_154' title='bbox 790 2404 866 2473; x_wconf 80' lang='grc' dir='ltr'><em>ἔοικέ</em></span> <span class='ocrx_word' id='word_1_155' title='bbox 890 2433 936 2482; x_wconf 78' lang='grc' dir='ltr'><strong>τις</strong></span> <span class='ocrx_word' id='word_1_156' title='bbox 961 2409 1129 2494; x_wconf 78' lang='grc' dir='ltr'><em>ςρέφενν.</em></span> 
     </span>
    </p>

    <p class='ocr_par' dir='ltr' id='par_1_6' title="bbox 170 2518 486 2585">
     <span class='ocr_line' id='line_1_20' title="bbox 170 2518 486 2585; baseline -0.019 0"><span class='ocrx_word' id='word_1_157' title='bbox 170 2519 206 2585; x_wconf 91' lang='lat' dir='ltr'><strong>ln</strong></span> <span class='ocrx_word' id='word_1_158' title='bbox 233 2521 313 2585; x_wconf 88' lang='lat' dir='ltr'><strong>Pace</strong></span> <span class='ocrx_word' id='word_1_159' title='bbox 336 2536 384 2582; x_wconf 89' lang='lat' dir='ltr'><strong>vs.</strong></span> <span class='ocrx_word' id='word_1_160' title='bbox 407 2518 486 2580; x_wconf 79' lang='lat'>175:</span> 
     </span>
    </p>

    <p class='ocr_par' dir='ltr' id='par_1_7' title="bbox 262 2615 1028 2704">
     <span class='ocr_line' id='line_1_21' title="bbox 262 2615 1028 2704; baseline -0.001 -16"><span class='ocrx_word' id='word_1_161' title='bbox 262 2623 314 2700; x_wconf 70' lang='grc' dir='ltr'><strong>ἤδη</strong></span> <span class='ocrx_word' id='word_1_162' title='bbox 340 2625 480 2704; x_wconf 59' lang='lat' dir='ltr'><strong>§padri</strong></span> <span class='ocrx_word' id='word_1_163' title='bbox 501 2642 531 2683; x_wconf 84' lang='lat' dir='ltr'><strong>rr</strong></span> <span class='ocrx_word' id='word_1_164' title='bbox 556 2621 681 2695; x_wconf 78' lang='grc' dir='ltr'><em>πνεῦμα</em></span> <span class='ocrx_word' id='word_1_165' title='bbox 706 2615 772 2700; x_wconf 76' lang='grc' dir='ltr'><strong>περὶ</strong></span> <span class='ocrx_word' id='word_1_166' title='bbox 797 2620 848 2686; x_wconf 78' lang='grc' dir='ltr'><strong>τὸν</strong></span> <span class='ocrx_word' id='word_1_167' title='bbox 872 2621 1028 2704; x_wconf 78' lang='grc' dir='ltr'><em>ὀμφαλόν.</em></span> 
     </span>
    </p>

    <p class='ocr_par' dir='ltr' id='par_1_8' title="bbox 48 2721 1310 3554">
     <span class='ocr_line' id='line_1_22' title="bbox 127 2721 1310 2812; baseline -0.003 -15"><span class='ocrx_word' id='word_1_168' title='bbox 127 2729 354 2798; x_wconf 88' lang='lat' dir='ltr'><strong>admonuimus</strong></span> <span class='ocrx_word' id='word_1_169' title='bbox 387 2724 464 2791; x_wconf 91' lang='lat' dir='ltr'><strong>alibi</strong></span> <span class='ocrx_word' id='word_1_170' title='bbox 489 2743 547 2809; x_wconf 94' lang='lat' dir='ltr'><strong>pro</strong></span> <span class='ocrx_word' id='word_1_171' title='bbox 582 2721 717 2788; x_wconf 91' lang='lat' dir='ltr'><strong>barbara</strong></span> <span class='ocrx_word' id='word_1_172' title='bbox 750 2722 851 2788; x_wconf 87' lang='lat' dir='ltr'><strong>forma</strong></span> <span class='ocrx_word' id='word_1_173' title='bbox 877 2733 988 2808; x_wconf 69' lang='grc' dir='ltr'><em>ςανφεῑ</em></span> <span class='ocrx_word' id='word_1_174' title='bbox 1020 2724 1173 2793; x_wconf 84' lang='lat' dir='ltr'><strong>Graecam</strong></span> <span class='ocrx_word' id='word_1_175' title='bbox 1205 2728 1310 2812; x_wconf 76' lang='grc' dir='ltr'><em>ςρέφεν</em></span> 
     </span>
     <span class='ocr_line' id='line_1_23' title="bbox 125 2826 1310 2919; baseline -0.001 -18"><span class='ocrx_word' id='word_1_176' title='bbox 125 2833 260 2901; x_wconf 89' lang='lat' dir='ltr'><strong>rescribi</strong></span> <span class='ocrx_word' id='word_1_177' title='bbox 285 2839 441 2919; x_wconf 91' lang='lat' dir='ltr'><strong>oportere.</strong></span> <span class='ocrx_word' id='word_1_178' title='bbox 491 2828 552 2894; x_wconf 89' lang='lat' dir='ltr'><strong>Sed</strong></span> <span class='ocrx_word' id='word_1_179' title='bbox 577 2826 654 2913; x_wconf 88' lang='lat' dir='ltr'><strong>quid</strong></span> <span class='ocrx_word' id='word_1_180' title='bbox 686 2826 779 2913; x_wconf 89' lang='lat' dir='ltr'><strong>plura</strong></span> <span class='ocrx_word' id='word_1_181' title='bbox 809 2830 1037 2896; x_wconf 84' lang='lat' dir='ltr'><strong>accumulem?</strong></span> <span class='ocrx_word' id='word_1_182' title='bbox 1086 2831 1169 2912; x_wconf 83' lang='lat' dir='ltr'><strong>Quin</strong></span> <span class='ocrx_word' id='word_1_183' title='bbox 1199 2852 1310 2900; x_wconf 87' lang='lat' dir='ltr'><strong>verum</strong></span> 
     </span>
     <span class='ocr_line' id='line_1_24' title="bbox 126 2931 1310 3023; baseline -0.003 -18"><span class='ocrx_word' id='word_1_184' title='bbox 126 2941 170 3005; x_wconf 86' lang='lat' dir='ltr'><strong>sit</strong></span> <span class='ocrx_word' id='word_1_185' title='bbox 201 2939 306 3023; x_wconf 79' lang='grc' dir='ltr'><em>ςρέφα</em></span> <span class='ocrx_word' id='word_1_186' title='bbox 337 2956 447 3002; x_wconf 91' lang='lat' dir='ltr'><strong>eorum</strong></span> <span class='ocrx_word' id='word_1_187' title='bbox 470 2933 598 3021; x_wconf 90' lang='lat' dir='ltr'><strong>quidem</strong></span> <span class='ocrx_word' id='word_1_188' title='bbox 626 2932 681 3016; x_wconf 90' lang='lat' dir='ltr'><strong>qni</strong></span> <span class='ocrx_word' id='word_1_189' title='bbox 706 2931 825 2998; x_wconf 85' lang='lat' dir='ltr'><strong>Graece</strong></span> <span class='ocrx_word' id='word_1_190' title='bbox 854 2935 956 3000; x_wconf 87' lang='lat' dir='ltr'><strong>sciant</strong></span> <span class='ocrx_word' id='word_1_191' title='bbox 982 2934 1207 3001; x_wconf 91' lang='lat' dir='ltr'><strong>dubitaturum</strong></span> <span class='ocrx_word' id='word_1_192' title='bbox 1239 2958 1310 3003; x_wconf 89' lang='lat' dir='ltr'><strong>oon-</strong></span> 
     </span>
     <span class='ocr_line' id='line_1_25' title="bbox 48 3035 1310 3125; baseline -0.003 -13"><span class='ocrx_word' id='word_1_193' title='bbox 48 3094 56 3102; x_wconf 66' lang='lat'><strong>.</strong></span> <span class='ocrx_word' id='word_1_194' title='bbox 95 3044 189 3112; x_wconf 81' lang='lat' dir='ltr'><strong>&#39;fido</strong></span> <span class='ocrx_word' id='word_1_195' title='bbox 219 3045 401 3120; x_wconf 87' lang='lat' dir='ltr'><strong>neminem,</strong></span> <span class='ocrx_word' id='word_1_196' title='bbox 427 3038 482 3106; x_wconf 90' lang='lat' dir='ltr'><strong>sed</strong></span> <span class='ocrx_word' id='word_1_197' title='bbox 511 3059 550 3104; x_wconf 91' lang='lat' dir='ltr'><strong>ne</strong></span> <span class='ocrx_word' id='word_1_198' title='bbox 574 3038 607 3101; x_wconf 93' lang='lat' dir='ltr'><strong>in</strong></span> <span class='ocrx_word' id='word_1_199' title='bbox 632 3035 746 3103; x_wconf 86' lang='lat' dir='ltr'><strong>Codice</strong></span> <span class='ocrx_word' id='word_1_200' title='bbox 770 3037 898 3123; x_wconf 85' lang='lat' dir='ltr'><strong>quidem</strong></span> <span class='ocrx_word' id='word_1_201' title='bbox 932 3038 1121 3105; x_wconf 88' lang='lat' dir='ltr'><strong>mendosum</strong></span> <span class='ocrx_word' id='word_1_202' title='bbox 1144 3041 1233 3125; x_wconf 78' lang='grc' dir='ltr'><strong>ςὲφα</strong></span> <span class='ocrx_word' id='word_1_203' title='bbox 1258 3062 1310 3108; x_wconf 84' lang='lat' dir='ltr'><strong>ex·</strong></span> 
     </span>
     <span class='ocr_line' id='line_1_26' title="bbox 125 3142 1309 3233; baseline -0.004 -14"><span class='ocrx_word' id='word_1_204' title='bbox 125 3161 212 3219; x_wconf 89' lang='lat' dir='ltr'><strong>stare</strong></span> <span class='ocrx_word' id='word_1_205' title='bbox 237 3149 388 3216; x_wconf 86' lang='lat' dir='ltr'><strong>arbitror.</strong></span> <span class='ocrx_word' id='word_1_206' title='bbox 435 3145 505 3211; x_wconf 87' lang='lat' dir='ltr'><strong>hlio</strong></span> <span class='ocrx_word' id='word_1_207' title='bbox 529 3142 623 3209; x_wconf 92' lang='lat' dir='ltr'><strong>modo</strong></span> <span class='ocrx_word' id='word_1_208' title='bbox 651 3151 774 3208; x_wconf 89' lang='lat' dir='ltr'><strong>veteres</strong></span> <span class='ocrx_word' id='word_1_209' title='bbox 796 3144 941 3222; x_wconf 89' lang='lat' dir='ltr'><strong>scribae,</strong></span> <span class='ocrx_word' id='word_1_210' title='bbox 973 3145 1035 3211; x_wconf 90' lang='lat' dir='ltr'><strong>alio</strong></span> <span class='ocrx_word' id='word_1_211' title='bbox 1062 3147 1204 3233; x_wconf 91' lang='lat' dir='ltr'><strong>imperiti</strong></span> <span class='ocrx_word' id='word_1_212' title='bbox 1230 3155 1309 3214; x_wconf 91' lang='lat' dir='ltr'><strong>tem·</strong></span> 
     </span>
     <span class='ocr_line' id='line_1_27' title="bbox 124 3248 1310 3345; baseline -0.003 -21"><span class='ocrx_word' id='word_1_213' title='bbox 124 3277 238 3345; x_wconf 91' lang='lat' dir='ltr'><strong>porum</strong></span> <span class='ocrx_word' id='word_1_214' title='bbox 259 3263 444 3321; x_wconf 89' lang='lat' dir='ltr'><strong>nostrorum</strong></span> <span class='ocrx_word' id='word_1_215' title='bbox 468 3249 681 3334; x_wconf 85' lang='lat' dir='ltr'><strong>descriptores</strong></span> <span class='ocrx_word' id='word_1_216' title='bbox 706 3248 884 3335; x_wconf 85' lang='lat' dir='ltr'><strong>impingere</strong></span> <span class='ocrx_word' id='word_1_217' title='bbox 907 3250 1021 3319; x_wconf 90' lang='lat' dir='ltr'><strong>solent.</strong></span> <span class='ocrx_word' id='word_1_218' title='bbox 1054 3251 1203 3319; x_wconf 87' lang='lat' dir='ltr'><strong>Mendum</strong></span> <span class='ocrx_word' id='word_1_219' title='bbox 1225 3253 1310 3340; x_wconf 91' lang='lat' dir='ltr'><strong>quod</strong></span> 
     </span>
     <span class='ocr_line' id='line_1_28' title="bbox 124 3353 1309 3444; baseline -0.003 -15"><span class='ocrx_word' id='word_1_220' title='bbox 124 3363 308 3429; x_wconf 92' lang='lat' dir='ltr'><strong>notavimus</strong></span> <span class='ocrx_word' id='word_1_221' title='bbox 332 3366 380 3426; x_wconf 88' lang='lat' dir='ltr'><strong>est</strong></span> <span class='ocrx_word' id='word_1_222' title='bbox 410 3364 468 3423; x_wconf 75' lang='grc' dir='ltr'><strong>τῶν</strong></span> <span class='ocrx_word' id='word_1_223' title='bbox 495 3360 684 3436; x_wconf 76' lang='grc' dir='ltr'><em>νεωτερναῶν.</em></span> <span class='ocrx_word' id='word_1_224' title='bbox 734 3353 875 3422; x_wconf 87' lang='lat' dir='ltr'><strong>Securus</strong></span> <span class='ocrx_word' id='word_1_225' title='bbox 907 3366 1055 3444; x_wconf 85' lang='lat' dir='ltr'><strong>exspecto</strong></span> <span class='ocrx_word' id='word_1_226' title='bbox 1088 3356 1218 3426; x_wconf 86' lang='lat' dir='ltr'><strong>doctum</strong></span> <span class='ocrx_word' id='word_1_227' title='bbox 1249 3366 1309 3426; x_wconf 91' lang='lat' dir='ltr'><strong>tes·</strong></span> 
     </span>
     <span class='ocr_line' id='line_1_29' title="bbox 124 3457 907 3554; baseline -0.01 -19"><span class='ocrx_word' id='word_1_228' title='bbox 124 3475 188 3535; x_wconf 89' lang='lat' dir='ltr'><strong>tem</strong></span> <span class='ocrx_word' id='word_1_229' title='bbox 212 3468 267 3554; x_wconf 90' lang='lat' dir='ltr'><strong>qui</strong></span> <span class='ocrx_word' id='word_1_230' title='bbox 289 3465 436 3531; x_wconf 80' lang='lat' dir='ltr'><strong>Codicum</strong></span> <span class='ocrx_word' id='word_1_231' title='bbox 462 3463 566 3547; x_wconf 91' lang='lat' dir='ltr'><strong>ipsum</strong></span> <span class='ocrx_word' id='word_1_232' title='bbox 592 3457 697 3524; x_wconf 91' lang='lat' dir='ltr'><strong>denuo</strong></span> <span class='ocrx_word' id='word_1_233' title='bbox 720 3462 907 3527; x_wconf 84' lang='lat' dir='ltr'><strong>excttsserit.</strong></span> 
     </span>
    </p>

    <p class='ocr_par' dir='ltr' id='par_1_9' title="bbox 92 3556 1310 4610">
     <span class='ocr_line' id='line_1_30' title="bbox 92 3556 1310 3652; baseline -0.003 -13"><span class='ocrx_word' id='word_1_234' title='bbox 92 3556 98 3567; x_wconf 63' lang='grc'><strong><em>’</em></strong></span> <span class='ocrx_word' id='word_1_235' title='bbox 169 3572 259 3639; x_wconf 88' lang='lat' dir='ltr'><strong>hlter</strong></span> <span class='ocrx_word' id='word_1_236' title='bbox 286 3571 396 3647; x_wconf 87' lang='lat' dir='ltr'><strong>locus,</strong></span> <span class='ocrx_word' id='word_1_237' title='bbox 429 3568 460 3632; x_wconf 94' lang='lat' dir='ltr'><strong>in</strong></span> <span class='ocrx_word' id='word_1_238' title='bbox 494 3585 588 3651; x_wconf 89' lang='lat' dir='ltr'><strong>quem</strong></span> <span class='ocrx_word' id='word_1_239' title='bbox 618 3563 730 3651; x_wconf 85' lang='lat' dir='ltr'><strong>blynas</strong></span> <span class='ocrx_word' id='word_1_240' title='bbox 760 3563 891 3631; x_wconf 90' lang='lat' dir='ltr'><strong>verbum</strong></span> <span class='ocrx_word' id='word_1_241' title='bbox 924 3567 1031 3652; x_wconf 80' lang='grc' dir='ltr'><em>ςέφενν</em></span> <span class='ocrx_word' id='word_1_242' title='bbox 1055 3569 1230 3635; x_wconf 90' lang='lat' dir='ltr'><strong>oscitanter</strong></span> <span class='ocrx_word' id='word_1_243' title='bbox 1260 3570 1310 3635; x_wconf 91' lang='lat' dir='ltr'><strong>in-</strong></span> 
     </span>
     <span class='ocr_line' id='line_1_31' title="bbox 124 3666 1310 3761; baseline -0.002 -19"><span class='ocrx_word' id='word_1_244' title='bbox 124 3678 233 3755; x_wconf 88' lang='lat' dir='ltr'><strong>vexit,</strong></span> <span class='ocrx_word' id='word_1_245' title='bbox 257 3675 378 3761; x_wconf 82' lang='lat' dir='ltr'><strong>legitur</strong></span> <span class='ocrx_word' id='word_1_246' title='bbox 402 3694 431 3760; x_wconf 90' lang='lat' dir='ltr'><strong>p.</strong></span> <span class='ocrx_word' id='word_1_247' title='bbox 454 3677 506 3738; x_wconf 82' lang='lat'><strong>76.</strong></span> <span class='ocrx_word' id='word_1_248' title='bbox 544 3666 659 3735; x_wconf 86' lang='lat' dir='ltr'><strong>Ordiar</strong></span> <span class='ocrx_word' id='word_1_249' title='bbox 682 3667 774 3754; x_wconf 89' lang='lat' dir='ltr'><strong>paulo</strong></span> <span class='ocrx_word' id='word_1_250' title='bbox 796 3668 893 3735; x_wconf 90' lang='lat' dir='ltr'><strong>altius</strong></span> <span class='ocrx_word' id='word_1_251' title='bbox 927 3681 963 3737; x_wconf 91' lang='lat' dir='ltr'><strong>ut</strong></span> <span class='ocrx_word' id='word_1_252' title='bbox 987 3673 1096 3739; x_wconf 87' lang='lat' dir='ltr'><strong>eadem</strong></span> <span class='ocrx_word' id='word_1_253' title='bbox 1122 3694 1217 3760; x_wconf 91' lang='lat' dir='ltr'><strong>opera</strong></span> <span class='ocrx_word' id='word_1_254' title='bbox 1241 3695 1310 3740; x_wconf 90' lang='lat' dir='ltr'><strong>ma·</strong></span> 
     </span>
     <span class='ocr_line' id='line_1_32' title="bbox 124 3772 1310 3869; baseline 0.002 -21"><span class='ocrx_word' id='word_1_255' title='bbox 124 3783 213 3849; x_wconf 89' lang='lat' dir='ltr'><strong>cuias</strong></span> <span class='ocrx_word' id='word_1_256' title='bbox 237 3780 390 3867; x_wconf 88' lang='lat' dir='ltr'><strong>quasdam</strong></span> <span class='ocrx_word' id='word_1_257' title='bbox 423 3777 541 3843; x_wconf 90' lang='lat' dir='ltr'><strong>elnam.</strong></span> <span class='ocrx_word' id='word_1_258' title='bbox 595 3774 711 3838; x_wconf 91' lang='lat' dir='ltr'><strong>Narrat</strong></span> <span class='ocrx_word' id='word_1_259' title='bbox 739 3772 952 3843; x_wconf 90' lang='lat' dir='ltr'><strong>Philostratus</strong></span> <span class='ocrx_word' id='word_1_260' title='bbox 979 3779 1173 3847; x_wconf 90' lang='lat' dir='ltr'><strong>athletarum</strong></span> <span class='ocrx_word' id='word_1_261' title='bbox 1199 3790 1310 3869; x_wconf 89' lang='lat' dir='ltr'><strong>utpote</strong></span> 
     </span>
     <span class='ocr_line' id='line_1_33' title="bbox 125 3879 1308 3972; baseline 0.002 -20"><span class='ocrx_word' id='word_1_262' title='bbox 125 3888 249 3954; x_wconf 88' lang='lat' dir='ltr'><strong>deliciis</strong></span> <span class='ocrx_word' id='word_1_263' title='bbox 280 3885 494 3952; x_wconf 87' lang='lat' dir='ltr'><strong>dilllueutium</strong></span> <span class='ocrx_word' id='word_1_264' title='bbox 532 3899 637 3946; x_wconf 90' lang='lat' dir='ltr'><strong>mores</strong></span> <span class='ocrx_word' id='word_1_265' title='bbox 666 3879 802 3964; x_wconf 90' lang='lat' dir='ltr'><strong>pessime</strong></span> <span class='ocrx_word' id='word_1_266' title='bbox 834 3900 903 3947; x_wconf 90' lang='lat' dir='ltr'><strong>esse</strong></span> <span class='ocrx_word' id='word_1_267' title='bbox 932 3893 1109 3972; x_wconf 91' lang='lat' dir='ltr'><strong>corruptos.</strong></span> <span class='ocrx_word' id='word_1_268' title='bbox 1156 3886 1243 3953; x_wconf 88' lang='lat' dir='ltr'><strong>hlios</strong></span> <span class='ocrx_word' id='word_1_269' title='bbox 1275 3889 1308 3954; x_wconf 90' lang='lat' dir='ltr'><strong>in</strong></span> 
     </span>
     <span class='ocr_line' id='line_1_34' title="bbox 124 3982 1307 4077; baseline 0.003 -19"><span class='ocrx_word' id='word_1_270' title='bbox 124 3994 281 4060; x_wconf 91' lang='lat' dir='ltr'><strong>Venerem</strong></span> <span class='ocrx_word' id='word_1_271' title='bbox 317 4009 433 4077; x_wconf 89' lang='lat' dir='ltr'><strong>pronos</strong></span> <span class='ocrx_word' id='word_1_272' title='bbox 463 4008 553 4064; x_wconf 88' lang='lat' dir='ltr'><strong>esse,</strong></span> <span class='ocrx_word' id='word_1_273' title='bbox 586 3983 666 4049; x_wconf 89' lang='lat' dir='ltr'><strong>alios</strong></span> <span class='ocrx_word' id='word_1_274' title='bbox 693 3982 815 4069; x_wconf 90' lang='lat' dir='ltr'><strong>palmas</strong></span> <span class='ocrx_word' id='word_1_275' title='bbox 841 3993 897 4052; x_wconf 90' lang='lat' dir='ltr'><strong>aut</strong></span> <span class='ocrx_word' id='word_1_276' title='bbox 929 3989 1066 4057; x_wconf 88' lang='lat' dir='ltr'><strong>vendere</strong></span> <span class='ocrx_word' id='word_1_277' title='bbox 1099 4002 1155 4060; x_wconf 91' lang='lat' dir='ltr'><strong>aut</strong></span> <span class='ocrx_word' id='word_1_278' title='bbox 1190 4014 1307 4062; x_wconf 91' lang='lat' dir='ltr'><strong>emere.</strong></span> 
     </span>
     <span class='ocr_line' id='line_1_35' title="bbox 124 4089 1309 4182; baseline 0 -17"><span class='ocrx_word' id='word_1_279' title='bbox 124 4101 158 4165; x_wconf 81' lang='lat' dir='ltr'><strong>rb</strong></span> <span class='ocrx_word' id='word_1_280' title='bbox 183 4100 214 4164; x_wconf 77' lang='grc' dir='ltr'><strong>δὲ</strong></span> <span class='ocrx_word' id='word_1_281' title='bbox 240 4096 314 4164; x_wconf 78' lang='grc' dir='ltr'><strong><em>οὕτω</em></strong></span> <span class='ocrx_word' id='word_1_282' title='bbox 339 4099 483 4176; x_wconf 71' lang='grc' dir='ltr'><strong>τρυφᾶν,</strong></span> <span class='ocrx_word' id='word_1_283' title='bbox 508 4091 632 4177; x_wconf 85' lang='lat' dir='ltr'><strong>inquit,</strong></span> <span class='ocrx_word' id='word_1_284' title='bbox 656 4089 745 4170; x_wconf 72' lang='lat' dir='ltr'><strong>eppo</strong></span> <span class='ocrx_word' id='word_1_285' title='bbox 768 4093 826 4169; x_wconf 79' lang='grc' dir='ltr'><strong>μὲν</strong></span> <span class='ocrx_word' id='word_1_286' title='bbox 849 4093 901 4158; x_wconf 74' lang='grc' dir='ltr'><strong>καὶ</strong></span> <span class='ocrx_word' id='word_1_287' title='bbox 926 4095 970 4170; x_wconf 78' lang='grc' dir='ltr'><strong>εἷς1</strong></span> <span class='ocrx_word' id='word_1_288' title='bbox 994 4099 1176 4180; x_wconf 69' lang='grc' dir='ltr'><em>ἀφροδισίων</em></span> <span class='ocrx_word' id='word_1_289' title='bbox 1196 4101 1309 4182; x_wconf 72' lang='grc' dir='ltr'><em>ὁρμήν,</em></span> 
     </span>
     <span class='ocr_line' id='line_1_36' title="bbox 125 4194 1309 4284; baseline 0.001 -15"><span class='ocrx_word' id='word_1_290' title='bbox 125 4201 194 4284; x_wconf 76' lang='grc' dir='ltr'><strong>ἦρξε</strong></span> <span class='ocrx_word' id='word_1_291' title='bbox 217 4204 248 4269; x_wconf 75' lang='grc' dir='ltr'><strong>δὲ</strong></span> <span class='ocrx_word' id='word_1_292' title='bbox 270 4205 421 4277; x_wconf 65' lang='lat' dir='ltr'><strong>ditareris</strong></span> <span class='ocrx_word' id='word_1_293' title='bbox 445 4200 497 4265; x_wconf 77' lang='lat' dir='ltr'><strong>aul</strong></span> <span class='ocrx_word' id='word_1_294' title='bbox 523 4194 565 4265; x_wconf 80' lang='lat' dir='ltr'><strong>rb</strong></span> <span class='ocrx_word' id='word_1_295' title='bbox 587 4202 642 4270; x_wconf 71' lang='grc' dir='ltr'><strong>τῆς</strong></span> <span class='ocrx_word' id='word_1_296' title='bbox 667 4195 740 4277; x_wconf 70' lang='grc' dir='ltr'><em>ὑπὲρ</em></span> <span class='ocrx_word' id='word_1_297' title='bbox 768 4198 941 4280; x_wconf 67' lang='grc' dir='ltr'><strong>χρημάτων</strong></span> <span class='ocrx_word' id='word_1_298' title='bbox 964 4204 1159 4284; x_wconf 68' lang='grc' dir='ltr'><strong>παρανομίαις</strong></span> <span class='ocrx_word' id='word_1_299' title='bbox 1191 4203 1243 4269; x_wconf 76' lang='grc' dir='ltr'><strong>καὶ</strong></span> <span class='ocrx_word' id='word_1_300' title='bbox 1273 4207 1309 4270; x_wconf 77' lang='grc' dir='ltr'><strong>πὸ</strong></span> 
     </span>
     <span class='ocr_line' id='line_1_37' title="bbox 126 4299 1308 4387; baseline 0.001 -13"><span class='ocrx_word' id='word_1_301' title='bbox 126 4316 239 4374; x_wconf 82' lang='grc' dir='ltr'><em>πωλεῖν</em></span> <span class='ocrx_word' id='word_1_302' title='bbox 262 4334 297 4374; x_wconf 86' lang='grc' dir='ltr'><strong>πε</strong></span> <span class='ocrx_word' id='word_1_303' title='bbox 323 4309 374 4374; x_wconf 74' lang='grc' dir='ltr'><strong>καὶ</strong></span> <span class='ocrx_word' id='word_1_304' title='bbox 407 4306 542 4372; x_wconf 74' lang='grc' dir='ltr'><em>ὠνεῖσθαι</em></span> <span class='ocrx_word' id='word_1_305' title='bbox 575 4299 633 4373; x_wconf 69' lang='grc' dir='ltr'><strong>ταὶς</strong></span> <span class='ocrx_word' id='word_1_306' title='bbox 659 4299 756 4375; x_wconf 81' lang='grc' dir='ltr'><em>νίκας.</em></span> <span class='ocrx_word' id='word_1_307' title='bbox 805 4307 846 4370; x_wconf 90' lang='lat' dir='ltr'><strong>Oi</strong></span> <span class='ocrx_word' id='word_1_308' title='bbox 869 4305 926 4384; x_wconf 79' lang='grc' dir='ltr'><strong>μὲν</strong></span> <span class='ocrx_word' id='word_1_309' title='bbox 947 4307 1010 4387; x_wconf 71' lang='grc' dir='ltr'><strong>γὰρ</strong></span> <span class='ocrx_word' id='word_1_310' title='bbox 1034 4306 1087 4371; x_wconf 79' lang='grc' dir='ltr'><strong>καὶ</strong></span> <span class='ocrx_word' id='word_1_311' title='bbox 1113 4309 1308 4375; x_wconf 60' lang='grc' dir='ltr'><em>απνδνῖννπαν</em></span> 
     </span>
     <span class='ocr_line' id='line_1_38' title="bbox 124 4409 1310 4493; baseline 0.003 -16"><span class='ocrx_word' id='word_1_312' title='bbox 124 4414 179 4488; x_wconf 68' lang='grc' dir='ltr'><strong>τὴν</strong></span> <span class='ocrx_word' id='word_1_313' title='bbox 202 4415 301 4493; x_wconf 69' lang='grc' dir='ltr'><em>αὑτῶν</em></span> <span class='ocrx_word' id='word_1_314' title='bbox 324 4413 486 4486; x_wconf 80' lang='grc' dir='ltr'><em>εὔκλειαν,</em></span> <span class='ocrx_word' id='word_1_315' title='bbox 511 4412 583 4489; x_wconf 70' lang='grc' dir='ltr'><strong>δαὶ,</strong></span> <span class='ocrx_word' id='word_1_316' title='bbox 608 4409 716 4486; x_wconf 73' lang='lat' dir='ltr'><strong>oinct,</strong></span> <span class='ocrx_word' id='word_1_317' title='bbox 740 4409 774 4474; x_wconf 78' lang='lat' dir='ltr'><strong>rb</strong></span> <span class='ocrx_word' id='word_1_318' title='bbox 798 4418 919 4476; x_wconf 76' lang='grc' dir='ltr'><em>πολλῶν</em></span> <span class='ocrx_word' id='word_1_319' title='bbox 942 4412 1081 4490; x_wconf 77' lang='grc' dir='ltr'><strong>δεῖσθαι,</strong></span> <span class='ocrx_word' id='word_1_320' title='bbox 1104 4414 1131 4478; x_wconf 87' lang='lat' dir='ltr'><strong>oi</strong></span> <span class='ocrx_word' id='word_1_321' title='bbox 1154 4413 1185 4479; x_wconf 75' lang='grc' dir='ltr'><strong>δὲ</strong></span> <span class='ocrx_word' id='word_1_322' title='bbox 1207 4416 1310 4480; x_wconf 73' lang='lat' dir='ltr'><strong>rivobu-</strong></span> 
     </span>
     <span class='ocr_line' id='line_1_39' title="bbox 124 4513 1306 4610; baseline 0.007 -29"><span class='ocrx_word' id='word_1_323' title='bbox 124 4541 176 4582; x_wconf 76' lang='grc' dir='ltr'><strong>ται</strong></span> <span class='ocrx_word' id='word_1_324' title='bbox 197 4519 231 4584; x_wconf 78' lang='grc' dir='ltr'><strong>τὸ</strong></span> <span class='ocrx_word' id='word_1_325' title='bbox 256 4519 300 4598; x_wconf 67' lang='grc' dir='ltr'><strong>μὴ</strong></span> <span class='ocrx_word' id='word_1_326' title='bbox 332 4517 385 4595; x_wconf 80' lang='grc' dir='ltr'><strong>ξὺν</strong></span> <span class='ocrx_word' id='word_1_327' title='bbox 414 4519 500 4601; x_wconf 75' lang='grc' dir='ltr'><em>πόνῳ</em></span> <span class='ocrx_word' id='word_1_328' title='bbox 531 4524 626 4590; x_wconf 71' lang='grc' dir='ltr'><em>νινᾶν.</em></span> <span class='ocrx_word' id='word_1_329' title='bbox 675 4513 846 4602; x_wconf 81' lang='lat' dir='ltr'><strong>Eleganter</strong></span> <span class='ocrx_word' id='word_1_330' title='bbox 868 4527 898 4585; x_wconf 93' lang='lat' dir='ltr'><strong>et</strong></span> <span class='ocrx_word' id='word_1_331' title='bbox 928 4525 1061 4585; x_wconf 89' lang='lat' dir='ltr'><strong>venuste</strong></span> <span class='ocrx_word' id='word_1_332' title='bbox 1086 4516 1164 4587; x_wconf 90' lang='lat' dir='ltr'><strong>haec</strong></span> <span class='ocrx_word' id='word_1_333' title='bbox 1188 4522 1306 4610; x_wconf 88' lang='lat' dir='ltr'><strong>scripta</strong></span> 
     </span>
    </p>
   </div>
   <div class='ocr_carea' id='block_1_2' title="bbox 0 0 1640 5190">
    <p class='ocr_par' dir='ltr' id='par_1_10' title="bbox 0 0 1640 5190">
     <span class='ocr_line' id='line_1_40' title="bbox 0 0 1640 5190; baseline 0 0"><span class='ocrx_word' id='word_1_334' title='bbox 0 0 1640 5190; x_wconf 95' lang='lat' dir='ltr'><strong> </strong></span> 
     </span>
    </p>
   </div>
  </div>
 </body>
</html>
