<?xml version="1.0" encoding="UTF-8"?>
<!DOCTYPE html PUBLIC "-//W3C//DTD XHTML 1.0 Transitional//EN"
    "http://www.w3.org/TR/xhtml1/DTD/xhtml1-transitional.dtd">
<html xmlns="http://www.w3.org/1999/xhtml" xml:lang="en" lang="en">
 <head>
  <title>
</title>
<meta http-equiv="Content-Type" content="text/html;charset=utf-8" />
  <meta name='ocr-system' content='tesseract 3.04.00' />
  <meta name='ocr-capabilities' content='ocr_page ocr_carea ocr_par ocr_line ocrx_word'/>
</head>
<body>
  <div class='ocr_page' id='page_1' title='image "./dephilostratili00cobegoog_0065.png"; bbox 0 0 3270 5190; ppageno 0'>
   <div class='ocr_carea' id='block_1_1' title="bbox 793 431 834 492">
    <p class='ocr_par' dir='ltr' id='par_1_1' title="bbox 793 431 834 492">
     <span class='ocr_line' id='line_1_1' title="bbox 793 431 834 492; baseline 0.024 -1"><span class='ocrx_word' id='word_1_1' title='bbox 793 431 834 492; x_wconf 80' lang='grc'>58</span> 
     </span>
    </p>
   </div>
   <div class='ocr_carea' id='block_1_2' title="bbox 213 593 1474 4575">
    <p class='ocr_par' dir='ltr' id='par_1_2' title="bbox 228 593 1128 690">
     <span class='ocr_line' id='line_1_2' title="bbox 228 593 1128 690; baseline -0.006 -17"><span class='ocrx_word' id='word_1_2' title='bbox 228 614 259 673; x_wconf 87' lang='lat' dir='ltr'>et</span> <span class='ocrx_word' id='word_1_3' title='bbox 293 607 412 673; x_wconf 83' lang='lat' dir='ltr'>inserta</span> <span class='ocrx_word' id='word_1_4' title='bbox 445 605 556 673; x_wconf 82' lang='lat' dir='ltr'>venula</span> <span class='ocrx_word' id='word_1_5' title='bbox 591 593 852 683; x_wconf 76' lang='grc' dir='ltr'><strong><em>ποολοιιςικθτὲρον</em></strong></span> <span class='ocrx_word' id='word_1_6' title='bbox 887 601 979 690; x_wconf 81' lang='grc' dir='ltr'><strong><em>(μὲν)</em></strong></span> <span class='ocrx_word' id='word_1_7' title='bbox 1016 601 1033 676; x_wconf 73' lang='grc' dir='ltr'>ἥ</span> <span class='ocrx_word' id='word_1_8' title='bbox 1064 605 1128 670; x_wconf 81' lang='grc' dir='ltr'>κτὲ.</span> 
     </span>
    </p>

    <p class='ocr_par' dir='ltr' id='par_1_3' title="bbox 224 705 1474 1319">
     <span class='ocr_line' id='line_1_3' title="bbox 272 705 1416 798; baseline 0.003 -21"><span class='ocrx_word' id='word_1_9' title='bbox 272 711 340 777; x_wconf 89' lang='lat' dir='ltr'>Non</span> <span class='ocrx_word' id='word_1_10' title='bbox 373 710 508 798; x_wconf 89' lang='lat' dir='ltr'>perleeit</span> <span class='ocrx_word' id='word_1_11' title='bbox 532 708 788 777; x_wconf 71' lang='lat' dir='ltr'>emendationem</span> <span class='ocrx_word' id='word_1_12' title='bbox 821 705 934 772; x_wconf 82' lang='lat' dir='ltr'>Editor</span> <span class='ocrx_word' id='word_1_13' title='bbox 967 726 998 793; x_wconf 89' lang='lat' dir='ltr'>p.</span> <span class='ocrx_word' id='word_1_14' title='bbox 1022 712 1087 786; x_wconf 65' lang='grc'>66,</span> <span class='ocrx_word' id='word_1_15' title='bbox 1113 713 1152 774; x_wconf 89' lang='lat'>9:</span> <span class='ocrx_word' id='word_1_16' title='bbox 1188 721 1321 788; x_wconf 71' lang='grc' dir='ltr'><strong><em>γενναῖοι</em></strong></span> <span class='ocrx_word' id='word_1_17' title='bbox 1356 719 1416 780; x_wconf 79' lang='grc' dir='ltr'>τῶν</span> 
     </span>
     <span class='ocr_line' id='line_1_4' title="bbox 225 811 1416 897; baseline 0.002 -15"><span class='ocrx_word' id='word_1_18' title='bbox 225 817 365 890; x_wconf 78' lang='grc' dir='ltr'><strong><em>οίθλκτῶν</em></strong></span> <span class='ocrx_word' id='word_1_19' title='bbox 385 818 437 882; x_wconf 78' lang='grc' dir='ltr'>κού</span> <span class='ocrx_word' id='word_1_20' title='bbox 458 819 483 882; x_wconf 83' lang='grc' dir='ltr'>οἱ</span> <span class='ocrx_word' id='word_1_21' title='bbox 505 819 534 882; x_wconf 87' lang='grc' dir='ltr'>ἕν</span> <span class='ocrx_word' id='word_1_22' title='bbox 560 818 654 897; x_wconf 80' lang='grc' dir='ltr'><strong><em>μικρῷ</em></strong></span> <span class='ocrx_word' id='word_1_23' title='bbox 680 811 840 892; x_wconf 78' lang='grc' dir='ltr'><strong><em>μενύλοι·</em></strong></span> <span class='ocrx_word' id='word_1_24' title='bbox 865 811 989 886; x_wconf 78' lang='grc' dir='ltr'><strong><em>τούτους</em></strong></span> <span class='ocrx_word' id='word_1_25' title='bbox 1013 813 1044 878; x_wconf 78' lang='grc' dir='ltr'>δὲ</span> <span class='ocrx_word' id='word_1_26' title='bbox 1069 814 1216 894; x_wconf 63' lang='lat' dir='ltr'>peperat</span> <span class='ocrx_word' id='word_1_27' title='bbox 1246 819 1317 891; x_wconf 87' lang='grc' dir='ltr'><strong><em>τοὺς</em></strong></span> <span class='ocrx_word' id='word_1_28' title='bbox 1343 820 1416 884; x_wconf 80' lang='grc' dir='ltr'><strong><em>ὑπο·</em></strong></span> 
     </span>
     <span class='ocr_line' id='line_1_5' title="bbox 225 917 1415 1004; baseline 0.003 -18"><span class='ocrx_word' id='word_1_29' title='bbox 225 923 375 1004; x_wconf 81' lang='grc' dir='ltr'><strong><em>δεεςέρονς</em></strong></span> <span class='ocrx_word' id='word_1_30' title='bbox 409 923 465 1001; x_wconf 78' lang='grc' dir='ltr'>μὲν</span> <span class='ocrx_word' id='word_1_31' title='bbox 490 925 525 988; x_wconf 84' lang='grc' dir='ltr'>τὸ</span> <span class='ocrx_word' id='word_1_32' title='bbox 548 921 678 1000; x_wconf 70' lang='grc' dir='ltr'>μέγεθος</span> <span class='ocrx_word' id='word_1_33' title='bbox 702 919 719 994; x_wconf 72' lang='lat' dir='ltr'>&gt;l</span> <span class='ocrx_word' id='word_1_34' title='bbox 744 917 932 998; x_wconf 75' lang='grc' dir='ltr'><strong><em>τετρούγοινοί</em></strong></span> <span class='ocrx_word' id='word_1_35' title='bbox 962 942 997 984; x_wconf 83' lang='grc' dir='ltr'>τε</span> <span class='ocrx_word' id='word_1_36' title='bbox 1026 920 1078 985; x_wconf 74' lang='lat' dir='ltr'>nul</span> <span class='ocrx_word' id='word_1_37' title='bbox 1107 920 1298 1002; x_wconf 84' lang='grc' dir='ltr'><strong><em>σύμμετροι,</em></strong></span> <span class='ocrx_word' id='word_1_38' title='bbox 1324 924 1360 988; x_wconf 85' lang='grc' dir='ltr'>τὸ</span> <span class='ocrx_word' id='word_1_39' title='bbox 1384 923 1415 989; x_wconf 74' lang='grc' dir='ltr'>δὲ</span> 
     </span>
     <span class='ocr_line' id='line_1_6' title="bbox 225 1022 1415 1109; baseline 0.001 -18"><span class='ocrx_word' id='word_1_40' title='bbox 225 1029 316 1107; x_wconf 80' lang='grc' dir='ltr'><strong><em>οῶμοι</em></strong></span> <span class='ocrx_word' id='word_1_41' title='bbox 341 1026 569 1108; x_wconf 69' lang='grc' dir='ltr'><em>διηρθρωμένους</em></span> <span class='ocrx_word' id='word_1_42' title='bbox 592 1022 814 1103; x_wconf 75' lang='grc' dir='ltr'><strong><em>μεγοολοειδῶς.</em></strong></span> <span class='ocrx_word' id='word_1_43' title='bbox 860 1022 929 1088; x_wconf 85' lang='lat' dir='ltr'>Nou</span> <span class='ocrx_word' id='word_1_44' title='bbox 953 1023 1033 1088; x_wconf 82' lang='lat' dir='ltr'>salis</span> <span class='ocrx_word' id='word_1_45' title='bbox 1058 1031 1106 1090; x_wconf 87' lang='lat' dir='ltr'>est</span> <span class='ocrx_word' id='word_1_46' title='bbox 1126 1027 1212 1091; x_wconf 88' lang='lat' dir='ltr'>enim</span> <span class='ocrx_word' id='word_1_47' title='bbox 1238 1026 1271 1091; x_wconf 80' lang='lat' dir='ltr'>el</span> <span class='ocrx_word' id='word_1_48' title='bbox 1304 1026 1415 1109; x_wconf 83' lang='grc' dir='ltr'><strong><em>τετροθ·</em></strong></span> 
     </span>
     <span class='ocr_line' id='line_1_7' title="bbox 225 1127 1474 1217; baseline -0.001 -20"><span class='ocrx_word' id='word_1_49' title='bbox 225 1157 314 1211; x_wconf 75' lang='grc' dir='ltr'><strong><em>ρονοι</em></strong></span> <span class='ocrx_word' id='word_1_50' title='bbox 354 1151 525 1217; x_wconf 82' lang='lat' dir='ltr'>reponere:</span> <span class='ocrx_word' id='word_1_51' title='bbox 562 1128 687 1194; x_wconf 82' lang='lat' dir='ltr'>duobus</span> <span class='ocrx_word' id='word_1_52' title='bbox 722 1127 873 1194; x_wconf 91' lang='lat' dir='ltr'>litterulis</span> <span class='ocrx_word' id='word_1_53' title='bbox 904 1129 1049 1214; x_wconf 88' lang='lat' dir='ltr'>repetitis</span> <span class='ocrx_word' id='word_1_54' title='bbox 1074 1129 1221 1217; x_wconf 77' lang='lat' dir='ltr'>legerim:</span> <span class='ocrx_word' id='word_1_55' title='bbox 1246 1131 1329 1210; x_wconf 75' lang='grc' dir='ltr'>είγε</span> <span class='ocrx_word' id='word_1_56' title='bbox 1366 1157 1414 1199; x_wconf 84' lang='grc' dir='ltr'>τε·</span> <span class='ocrx_word' id='word_1_57' title='bbox 1471 1173 1474 1178; x_wconf 94' lang='grc'><strong>-</strong></span> 
     </span>
     <span class='ocr_line' id='line_1_8' title="bbox 224 1235 711 1319; baseline -0.01 -16"><span class='ocrx_word' id='word_1_58' title='bbox 224 1237 375 1319; x_wconf 75' lang='grc' dir='ltr'><strong><em>τρύγιονοί</em></strong></span> <span class='ocrx_word' id='word_1_59' title='bbox 397 1261 432 1301; x_wconf 87' lang='grc' dir='ltr'>τε</span> <span class='ocrx_word' id='word_1_60' title='bbox 452 1237 505 1301; x_wconf 72' lang='lat' dir='ltr'>oet</span> <span class='ocrx_word' id='word_1_61' title='bbox 530 1235 711 1316; x_wconf 84' lang='grc' dir='ltr'><strong><em>σύμμετροι.</em></strong></span> 
     </span>
    </p>

    <p class='ocr_par' dir='ltr' id='par_1_4' title="bbox 213 1338 1415 2142">
     <span class='ocr_line' id='line_1_9' title="bbox 270 1338 1414 1426; baseline 0.002 -19"><span class='ocrx_word' id='word_1_62' title='bbox 270 1341 525 1426; x_wconf 83' lang='lat' dir='ltr'>Praepositiones</span> <span class='ocrx_word' id='word_1_63' title='bbox 550 1343 635 1406; x_wconf 90' lang='lat' dir='ltr'>inter</span> <span class='ocrx_word' id='word_1_64' title='bbox 657 1360 691 1406; x_wconf 93' lang='lat' dir='ltr'>se</span> <span class='ocrx_word' id='word_1_65' title='bbox 713 1338 865 1405; x_wconf 83' lang='lat' dir='ltr'>eonlnsae</span> <span class='ocrx_word' id='word_1_66' title='bbox 889 1345 966 1404; x_wconf 87' lang='lat' dir='ltr'>sunt</span> <span class='ocrx_word' id='word_1_67' title='bbox 988 1358 1018 1424; x_wconf 88' lang='lat' dir='ltr'>p.</span> <span class='ocrx_word' id='word_1_68' title='bbox 1037 1342 1101 1416; x_wconf 67' lang='grc'>66,</span> <span class='ocrx_word' id='word_1_69' title='bbox 1129 1344 1190 1405; x_wconf 83' lang='lat'>19:</span> <span class='ocrx_word' id='word_1_70' title='bbox 1215 1344 1414 1423; x_wconf 67' lang='grc' dir='ltr'>παγκρατίου</span> 
     </span>
     <span class='ocr_line' id='line_1_10' title="bbox 224 1443 1414 1534; baseline -0.002 -22"><span class='ocrx_word' id='word_1_71' title='bbox 224 1448 256 1512; x_wconf 76' lang='grc' dir='ltr'>δὲ</span> <span class='ocrx_word' id='word_1_72' title='bbox 280 1447 331 1512; x_wconf 77' lang='grc' dir='ltr'>κού</span> <span class='ocrx_word' id='word_1_73' title='bbox 362 1454 491 1524; x_wconf 73' lang='grc' dir='ltr'><strong><em>πυγμῆς</em></strong></span> <span class='ocrx_word' id='word_1_74' title='bbox 518 1445 555 1534; x_wconf 83' lang='grc' dir='ltr'>(οἱ</span> <span class='ocrx_word' id='word_1_75' title='bbox 580 1446 609 1510; x_wconf 86' lang='grc' dir='ltr'>ἕν</span> <span class='ocrx_word' id='word_1_76' title='bbox 640 1447 735 1528; x_wconf 80' lang='grc' dir='ltr'><strong><em>μικρῷ</em></strong></span> <span class='ocrx_word' id='word_1_77' title='bbox 760 1443 910 1532; x_wconf 74' lang='grc' dir='ltr'><strong><em>μενοθλοι)</em></strong></span> <span class='ocrx_word' id='word_1_78' title='bbox 943 1447 997 1509; x_wconf 84' lang='grc' dir='ltr'>οὐκ</span> <span class='ocrx_word' id='word_1_79' title='bbox 1028 1445 1139 1522; x_wconf 58' lang='lat' dir='ltr'>epoto&gt;</span> <span class='ocrx_word' id='word_1_80' title='bbox 1163 1444 1341 1525; x_wconf 81' lang='grc' dir='ltr'><strong><em>προςοθτοοι,</em></strong></span> <span class='ocrx_word' id='word_1_81' title='bbox 1366 1447 1414 1511; x_wconf 90' lang='lat' dir='ltr'>in·</span> 
     </span>
     <span class='ocr_line' id='line_1_11' title="bbox 225 1550 1414 1638; baseline -0.001 -21"><span class='ocrx_word' id='word_1_82' title='bbox 225 1553 315 1638; x_wconf 90' lang='lat' dir='ltr'>quit:</span> <span class='ocrx_word' id='word_1_83' title='bbox 351 1552 393 1633; x_wconf 78' lang='grc' dir='ltr'>τῷ</span> <span class='ocrx_word' id='word_1_84' title='bbox 422 1575 457 1616; x_wconf 90' lang='grc' dir='ltr'>τε</span> <span class='ocrx_word' id='word_1_85' title='bbox 491 1553 660 1628; x_wconf 75' lang='grc' dir='ltr'><strong><em>τλήττοντι</em></strong></span> <span class='ocrx_word' id='word_1_86' title='bbox 697 1552 887 1629; x_wconf 85' lang='grc' dir='ltr'><strong><em>ύτοκείμενοι</em></strong></span> <span class='ocrx_word' id='word_1_87' title='bbox 921 1550 973 1615; x_wconf 80' lang='grc' dir='ltr'>κού</span> <span class='ocrx_word' id='word_1_88' title='bbox 1008 1550 1136 1628; x_wconf 70' lang='grc' dir='ltr'><strong><em>γελοίοις</em></strong></span> <span class='ocrx_word' id='word_1_89' title='bbox 1168 1550 1231 1615; x_wconf 67' lang='lat' dir='ltr'>etot</span> <span class='ocrx_word' id='word_1_90' title='bbox 1267 1559 1322 1626; x_wconf 77' lang='grc' dir='ltr'>τῆς</span> <span class='ocrx_word' id='word_1_91' title='bbox 1355 1557 1414 1629; x_wconf 73' lang='grc' dir='ltr'>γῆς</span> 
     </span>
     <span class='ocr_line' id='line_1_12' title="bbox 225 1653 1415 1736; baseline 0.001 -16"><span class='ocrx_word' id='word_1_92' title='bbox 225 1658 350 1729; x_wconf 79' lang='grc' dir='ltr'><strong><em>ἑοιντούς</em></strong></span> <span class='ocrx_word' id='word_1_93' title='bbox 387 1656 683 1736; x_wconf 84' lang='grc' dir='ltr'><strong><em>προοκίροντες</em></strong></span> <span class='ocrx_word' id='word_1_94' title='bbox 722 1655 815 1722; x_wconf 81' lang='grc' dir='ltr'><em>ὁπότε</em></span> <span class='ocrx_word' id='word_1_95' title='bbox 848 1655 936 1722; x_wconf 75' lang='grc' dir='ltr'><strong><em>οούτοὶ</em></strong></span> <span class='ocrx_word' id='word_1_96' title='bbox 976 1658 1153 1732; x_wconf 79' lang='grc' dir='ltr'><strong><em>τλήττοιεν.</em></strong></span> <span class='ocrx_word' id='word_1_97' title='bbox 1209 1653 1293 1734; x_wconf 85' lang='lat' dir='ltr'>Quid</span> <span class='ocrx_word' id='word_1_98' title='bbox 1329 1654 1415 1721; x_wconf 80' lang='lat' dir='ltr'>dieat</span> 
     </span>
     <span class='ocr_line' id='line_1_13' title="bbox 226 1759 1413 1847; baseline 0 -21"><span class='ocrx_word' id='word_1_99' title='bbox 226 1762 431 1847; x_wconf 83' lang='lat' dir='ltr'>perspicuum</span> <span class='ocrx_word' id='word_1_100' title='bbox 462 1767 520 1826; x_wconf 82' lang='lat' dir='ltr'>est.</span> <span class='ocrx_word' id='word_1_101' title='bbox 569 1759 710 1826; x_wconf 87' lang='lat' dir='ltr'>Ridieuli</span> <span class='ocrx_word' id='word_1_102' title='bbox 743 1773 820 1826; x_wconf 90' lang='lat' dir='ltr'>sunt</span> <span class='ocrx_word' id='word_1_103' title='bbox 847 1760 992 1826; x_wconf 90' lang='lat' dir='ltr'>homines</span> <span class='ocrx_word' id='word_1_104' title='bbox 1022 1759 1138 1825; x_wconf 90' lang='lat' dir='ltr'>humili</span> <span class='ocrx_word' id='word_1_105' title='bbox 1164 1767 1289 1825; x_wconf 83' lang='lat' dir='ltr'>statura</span> <span class='ocrx_word' id='word_1_106' title='bbox 1313 1780 1413 1846; x_wconf 91' lang='lat' dir='ltr'>quum</span> 
     </span>
     <span class='ocr_line' id='line_1_14' title="bbox 226 1863 1414 1952; baseline 0.002 -22"><span class='ocrx_word' id='word_1_107' title='bbox 226 1886 259 1931; x_wconf 88' lang='lat' dir='ltr'>se</span> <span class='ocrx_word' id='word_1_108' title='bbox 279 1867 319 1930; x_wconf 83' lang='lat' dir='ltr'>od</span> <span class='ocrx_word' id='word_1_109' title='bbox 348 1863 528 1930; x_wconf 84' lang='lat' dir='ltr'>feriendum</span> <span class='ocrx_word' id='word_1_110' title='bbox 561 1867 685 1952; x_wconf 82' lang='grc' dir='ltr'><strong><em>οιίριιιιί</em></strong></span> <span class='ocrx_word' id='word_1_111' title='bbox 716 1865 824 1932; x_wconf 86' lang='lat' dir='ltr'>liumo.</span> <span class='ocrx_word' id='word_1_112' title='bbox 881 1865 942 1932; x_wconf 87' lang='lat' dir='ltr'>Sed</span> <span class='ocrx_word' id='word_1_113' title='bbox 974 1887 1036 1931; x_wconf 93' lang='lat' dir='ltr'>non</span> <span class='ocrx_word' id='word_1_114' title='bbox 1070 1875 1118 1933; x_wconf 86' lang='lat' dir='ltr'>est</span> <span class='ocrx_word' id='word_1_115' title='bbox 1152 1864 1212 1930; x_wconf 88' lang='lat' dir='ltr'>hoe</span> <span class='ocrx_word' id='word_1_116' title='bbox 1244 1866 1414 1948; x_wconf 88' lang='grc' dir='ltr'><strong><em>προοιοίρειν</em></strong></span> 
     </span>
     <span class='ocr_line' id='line_1_15' title="bbox 225 1969 1414 2057; baseline -0.002 -21"><span class='ocrx_word' id='word_1_117' title='bbox 225 1970 356 2046; x_wconf 82' lang='grc' dir='ltr'><strong><em>ἐοιντθν,</em></strong></span> <span class='ocrx_word' id='word_1_118' title='bbox 390 1969 444 2036; x_wconf 89' lang='lat' dir='ltr'>sed</span> <span class='ocrx_word' id='word_1_119' title='bbox 481 1972 625 2052; x_wconf 84' lang='grc' dir='ltr'><strong><em>ἐτοιίρειν.</em></strong></span> <span class='ocrx_word' id='word_1_120' title='bbox 681 1972 856 2052; x_wconf 82' lang='grc' dir='ltr'><strong><em>Προοοιίρειν</em></strong></span> <span class='ocrx_word' id='word_1_121' title='bbox 894 1970 980 2038; x_wconf 88' lang='lat' dir='ltr'>idem</span> <span class='ocrx_word' id='word_1_122' title='bbox 1010 1981 1060 2038; x_wconf 91' lang='lat' dir='ltr'>est</span> <span class='ocrx_word' id='word_1_123' title='bbox 1095 1969 1179 2057; x_wconf 91' lang='lat' dir='ltr'>quod</span> <span class='ocrx_word' id='word_1_124' title='bbox 1212 1971 1414 2054; x_wconf 81' lang='grc' dir='ltr'><strong><em>προσφέρειν,</em></strong></span> 
     </span>
     <span class='ocr_line' id='line_1_16' title="bbox 213 2075 667 2142; baseline 0.002 -2"><span class='ocrx_word' id='word_1_125' title='bbox 213 2075 311 2141; x_wconf 91' lang='lat' dir='ltr'>-unde</span> <span class='ocrx_word' id='word_1_126' title='bbox 335 2077 424 2141; x_wconf 89' lang='lat' dir='ltr'>ioeus</span> <span class='ocrx_word' id='word_1_127' title='bbox 449 2075 667 2142; x_wconf 85' lang='lat' dir='ltr'>Pherecratis:</span> 
     </span>
    </p>

    <p class='ocr_par' dir='ltr' id='par_1_5' title="bbox 216 2180 1415 4575">
     <span class='ocr_line' id='line_1_17' title="bbox 361 2180 1167 2266; baseline -0.002 -18"><span class='ocrx_word' id='word_1_128' title='bbox 361 2181 504 2264; x_wconf 88' lang='grc' dir='ltr'><strong><em>πρύοοιιρε</em></strong></span> <span class='ocrx_word' id='word_1_129' title='bbox 528 2185 563 2248; x_wconf 84' lang='grc' dir='ltr'>τὸ</span> <span class='ocrx_word' id='word_1_130' title='bbox 587 2186 719 2258; x_wconf 79' lang='grc' dir='ltr'><strong><em>κοινοῦν,</em></strong></span> <span class='ocrx_word' id='word_1_131' title='bbox 745 2182 770 2248; x_wconf 81' lang='grc' dir='ltr'>εἶ</span> <span class='ocrx_word' id='word_1_132' title='bbox 795 2182 827 2247; x_wconf 76' lang='grc' dir='ltr'>δὲ</span> <span class='ocrx_word' id='word_1_133' title='bbox 849 2180 977 2260; x_wconf 78' lang='grc' dir='ltr'><strong><em>βούλει,</em></strong></span> <span class='ocrx_word' id='word_1_134' title='bbox 1002 2181 1167 2266; x_wconf 76' lang='grc' dir='ltr'><strong><em>πρόσφερε.</em></strong></span> 
     </span>
     <span class='ocr_line' id='line_1_18' title="bbox 226 2285 1415 2374; baseline 0.002 -23"><span class='ocrx_word' id='word_1_135' title='bbox 226 2286 360 2374; x_wconf 80' lang='lat' dir='ltr'>Eripere·</span> <span class='ocrx_word' id='word_1_136' title='bbox 391 2309 442 2364; x_wconf 81' lang='lat' dir='ltr'>oo,</span> <span class='ocrx_word' id='word_1_137' title='bbox 475 2288 610 2368; x_wconf 83' lang='grc' dir='ltr'><strong><em>ε’πιοίρειν</em></strong></span> <span class='ocrx_word' id='word_1_138' title='bbox 642 2285 772 2365; x_wconf 81' lang='grc' dir='ltr'><strong><em>ἓιινπθν,</em></strong></span> <span class='ocrx_word' id='word_1_139' title='bbox 804 2288 919 2352; x_wconf 91' lang='lat' dir='ltr'>tritum</span> <span class='ocrx_word' id='word_1_140' title='bbox 945 2294 1016 2364; x_wconf 90' lang='lat' dir='ltr'>est,</span> <span class='ocrx_word' id='word_1_141' title='bbox 1049 2289 1143 2352; x_wconf 86' lang='lat' dir='ltr'>utin</span> <span class='ocrx_word' id='word_1_142' title='bbox 1178 2287 1309 2353; x_wconf 82' lang='lat' dir='ltr'>scurrili</span> <span class='ocrx_word' id='word_1_143' title='bbox 1346 2288 1415 2355; x_wconf 90' lang='lat' dir='ltr'>loeo</span> 
     </span>
     <span class='ocr_line' id='line_1_19' title="bbox 225 2392 411 2478; baseline -0.011 -20"><span class='ocrx_word' id='word_1_144' title='bbox 225 2392 411 2478; x_wconf 79' lang='lat' dir='ltr'>Euripidis:</span> 
     </span>
     <span class='ocr_line' id='line_1_20' title="bbox 723 2493 1102 2579; baseline 0.005 -19"><span class='ocrx_word' id='word_1_145' title='bbox 723 2493 773 2560; x_wconf 80' lang='grc' dir='ltr'><strong><em>οἷοι</em></strong></span> <span class='ocrx_word' id='word_1_146' title='bbox 797 2498 850 2574; x_wconf 71' lang='lat' dir='ltr'>tt,</span> <span class='ocrx_word' id='word_1_147' title='bbox 874 2496 965 2579; x_wconf 84' lang='grc' dir='ltr'><strong><em>φίλον</em></strong></span> <span class='ocrx_word' id='word_1_148' title='bbox 989 2496 1102 2575; x_wconf 77' lang='grc' dir='ltr'><strong><em>ξύλον,</em></strong></span> 
     </span>
     <span class='ocr_line' id='line_1_21' title="bbox 452 2599 1111 2684; baseline 0.003 -17"><span class='ocrx_word' id='word_1_149' title='bbox 452 2599 557 2682; x_wconf 78' lang='grc' dir='ltr'><strong><em>θτοοιρε</em></strong></span> <span class='ocrx_word' id='word_1_150' title='bbox 581 2605 632 2666; x_wconf 81' lang='grc' dir='ltr'>νύν</span> <span class='ocrx_word' id='word_1_151' title='bbox 655 2605 769 2667; x_wconf 81' lang='grc' dir='ltr'><strong><em>οεοοντὸ</em></strong></span> <span class='ocrx_word' id='word_1_152' title='bbox 793 2601 845 2667; x_wconf 76' lang='lat' dir='ltr'>uel</span> <span class='ocrx_word' id='word_1_153' title='bbox 870 2603 980 2680; x_wconf 69' lang='grc' dir='ltr'><strong><em>γίγνου</em></strong></span> <span class='ocrx_word' id='word_1_154' title='bbox 1005 2605 1111 2684; x_wconf 85' lang='grc' dir='ltr'><strong><em>θροοού.</em></strong></span> 
     </span>
     <span class='ocr_line' id='line_1_22' title="bbox 269 2706 975 2791; baseline 0 -20"><span class='ocrx_word' id='word_1_155' title='bbox 269 2706 381 2791; x_wconf 83' lang='lat' dir='ltr'>Itaque</span> <span class='ocrx_word' id='word_1_156' title='bbox 405 2706 531 2780; x_wconf 82' lang='grc' dir='ltr'><strong><em>ἐκντοὺς</em></strong></span> <span class='ocrx_word' id='word_1_157' title='bbox 556 2707 729 2788; x_wconf 78' lang='grc' dir='ltr'><strong><em>ἕποιίρονπες</em></strong></span> <span class='ocrx_word' id='word_1_158' title='bbox 754 2708 975 2773; x_wconf 71' lang='lat' dir='ltr'>restituemus.</span> 
     </span>
     <span class='ocr_line' id='line_1_23' title="bbox 232 2810 1413 2901; baseline 0.002 -24"><span class='ocrx_word' id='word_1_159' title='bbox 232 2811 234 2815; x_wconf 79' lang='grc'><strong>’</strong></span> <span class='ocrx_word' id='word_1_160' title='bbox 270 2813 306 2877; x_wconf 92' lang='lat' dir='ltr'>ln</span> <span class='ocrx_word' id='word_1_161' title='bbox 328 2812 482 2898; x_wconf 85' lang='lat' dir='ltr'>proximis</span> <span class='ocrx_word' id='word_1_162' title='bbox 505 2832 538 2898; x_wconf 90' lang='lat' dir='ltr'>p.</span> <span class='ocrx_word' id='word_1_163' title='bbox 560 2816 602 2876; x_wconf 84' lang='lat'>64</span> <span class='ocrx_word' id='word_1_164' title='bbox 623 2820 654 2878; x_wconf 89' lang='lat' dir='ltr'>et</span> <span class='ocrx_word' id='word_1_165' title='bbox 674 2817 730 2878; x_wconf 88' lang='grc'>66.</span> <span class='ocrx_word' id='word_1_166' title='bbox 755 2813 916 2899; x_wconf 82' lang='lat' dir='ltr'>permulta</span> <span class='ocrx_word' id='word_1_167' title='bbox 941 2820 1017 2879; x_wconf 92' lang='lat' dir='ltr'>sunt</span> <span class='ocrx_word' id='word_1_168' title='bbox 1039 2812 1153 2901; x_wconf 83' lang='lat' dir='ltr'>Mynee</span> <span class='ocrx_word' id='word_1_169' title='bbox 1173 2810 1413 2899; x_wconf 85' lang='lat' dir='ltr'>supplementa,</span> 
     </span>
     <span class='ocr_line' id='line_1_24' title="bbox 225 2916 1412 3004; baseline 0 -22"><span class='ocrx_word' id='word_1_170' title='bbox 225 2916 310 2983; x_wconf 91' lang='lat' dir='ltr'>unde</span> <span class='ocrx_word' id='word_1_171' title='bbox 335 2917 414 2983; x_wconf 89' lang='lat' dir='ltr'>nihil</span> <span class='ocrx_word' id='word_1_172' title='bbox 439 2919 509 2983; x_wconf 84' lang='lat' dir='ltr'>sani</span> <span class='ocrx_word' id='word_1_173' title='bbox 537 2917 670 2983; x_wconf 88' lang='lat' dir='ltr'>extundi</span> <span class='ocrx_word' id='word_1_174' title='bbox 695 2926 810 3004; x_wconf 90' lang='lat' dir='ltr'>potest.</span> <span class='ocrx_word' id='word_1_175' title='bbox 858 2918 926 2983; x_wconf 92' lang='lat' dir='ltr'>Non</span> <span class='ocrx_word' id='word_1_176' title='bbox 958 2919 1076 2984; x_wconf 80' lang='lat' dir='ltr'>attinet</span> <span class='ocrx_word' id='word_1_177' title='bbox 1108 2919 1139 2982; x_wconf 92' lang='lat' dir='ltr'>in</span> <span class='ocrx_word' id='word_1_178' title='bbox 1168 2918 1296 3003; x_wconf 82' lang='lat' dir='ltr'>singule</span> <span class='ocrx_word' id='word_1_179' title='bbox 1329 2919 1412 3004; x_wconf 83' lang='lat' dir='ltr'>digi-</span> 
     </span>
     <span class='ocr_line' id='line_1_25' title="bbox 224 3021 1414 3109; baseline 0 -21"><span class='ocrx_word' id='word_1_180' title='bbox 224 3030 295 3089; x_wconf 86' lang='lat' dir='ltr'>tum</span> <span class='ocrx_word' id='word_1_181' title='bbox 322 3024 498 3089; x_wconf 85' lang='lat' dir='ltr'>intendere.</span> <span class='ocrx_word' id='word_1_182' title='bbox 544 3023 604 3088; x_wconf 88' lang='lat' dir='ltr'>Ubi</span> <span class='ocrx_word' id='word_1_183' title='bbox 634 3026 737 3089; x_wconf 90' lang='lat' dir='ltr'>oratio</span> <span class='ocrx_word' id='word_1_184' title='bbox 761 3031 809 3089; x_wconf 91' lang='lat' dir='ltr'>est</span> <span class='ocrx_word' id='word_1_185' title='bbox 843 3024 1075 3109; x_wconf 85' lang='lat' dir='ltr'>incomposita,</span> <span class='ocrx_word' id='word_1_186' title='bbox 1111 3021 1284 3108; x_wconf 86' lang='lat' dir='ltr'>impedita,</span> <span class='ocrx_word' id='word_1_187' title='bbox 1316 3043 1414 3091; x_wconf 89' lang='lat' dir='ltr'>sensu</span> 
     </span>
     <span class='ocr_line' id='line_1_26' title="bbox 225 3127 1412 3214; baseline 0.003 -24"><span class='ocrx_word' id='word_1_188' title='bbox 225 3148 348 3206; x_wconf 81' lang='lat' dir='ltr'>noetio,</span> <span class='ocrx_word' id='word_1_189' title='bbox 374 3147 436 3192; x_wconf 92' lang='lat' dir='ltr'>non</span> <span class='ocrx_word' id='word_1_190' title='bbox 455 3129 596 3205; x_wconf 83' lang='lat' dir='ltr'>Graeca,</span> <span class='ocrx_word' id='word_1_191' title='bbox 623 3136 769 3194; x_wconf 89' lang='lat' dir='ltr'>tenemus</span> <span class='ocrx_word' id='word_1_192' title='bbox 793 3127 1064 3214; x_wconf 69' lang='lat' dir='ltr'>interpolatorem.</span> <span class='ocrx_word' id='word_1_193' title='bbox 1112 3129 1196 3193; x_wconf 86' lang='lat' dir='ltr'>Vera</span> <span class='ocrx_word' id='word_1_194' title='bbox 1217 3128 1312 3194; x_wconf 89' lang='lat' dir='ltr'>lentio</span> <span class='ocrx_word' id='word_1_195' title='bbox 1336 3148 1412 3193; x_wconf 90' lang='lat' dir='ltr'>non·</span> 
     </span>
     <span class='ocr_line' id='line_1_27' title="bbox 225 3231 1412 3319; baseline 0.002 -23"><span class='ocrx_word' id='word_1_196' title='bbox 225 3251 401 3317; x_wconf 83' lang='lat' dir='ltr'>numquam</span> <span class='ocrx_word' id='word_1_197' title='bbox 438 3231 584 3316; x_wconf 83' lang='lat' dir='ltr'>indagari</span> <span class='ocrx_word' id='word_1_198' title='bbox 613 3240 737 3316; x_wconf 87' lang='lat' dir='ltr'>potest,</span> <span class='ocrx_word' id='word_1_199' title='bbox 774 3232 828 3297; x_wconf 87' lang='lat' dir='ltr'>ubi</span> <span class='ocrx_word' id='word_1_200' title='bbox 863 3234 989 3317; x_wconf 81' lang='lat' dir='ltr'>integra</span> <span class='ocrx_word' id='word_1_201' title='bbox 1022 3253 1097 3319; x_wconf 85' lang='lat' dir='ltr'>pers</span> <span class='ocrx_word' id='word_1_202' title='bbox 1130 3233 1279 3300; x_wconf 86' lang='lat' dir='ltr'>lectionis</span> <span class='ocrx_word' id='word_1_203' title='bbox 1314 3233 1412 3300; x_wconf 89' lang='lat' dir='ltr'>veluti</span> 
     </span>
     <span class='ocr_line' id='line_1_28' title="bbox 225 3334 1413 3425; baseline 0.003 -24"><span class='ocrx_word' id='word_1_204' title='bbox 225 3355 323 3401; x_wconf 84' lang='lat' dir='ltr'>manu</span> <span class='ocrx_word' id='word_1_205' title='bbox 353 3335 443 3401; x_wconf 85' lang='lat' dir='ltr'>ducit</span> <span class='ocrx_word' id='word_1_206' title='bbox 473 3334 513 3399; x_wconf 86' lang='lat' dir='ltr'>ad</span> <span class='ocrx_word' id='word_1_207' title='bbox 537 3334 734 3400; x_wconf 83' lang='lat' dir='ltr'>emendanda</span> <span class='ocrx_word' id='word_1_208' title='bbox 758 3337 889 3401; x_wconf 86' lang='lat' dir='ltr'>vitiosa:</span> <span class='ocrx_word' id='word_1_209' title='bbox 924 3338 1052 3423; x_wconf 85' lang='lat' dir='ltr'>saepius</span> <span class='ocrx_word' id='word_1_210' title='bbox 1074 3359 1136 3403; x_wconf 93' lang='lat' dir='ltr'>non</span> <span class='ocrx_word' id='word_1_211' title='bbox 1168 3347 1272 3425; x_wconf 88' lang='lat' dir='ltr'>potest</span> <span class='ocrx_word' id='word_1_212' title='bbox 1300 3337 1413 3405; x_wconf 89' lang='lat' dir='ltr'>deletis</span> 
     </span>
     <span class='ocr_line' id='line_1_29' title="bbox 224 3440 1411 3530; baseline 0.003 -24"><span class='ocrx_word' id='word_1_213' title='bbox 224 3440 374 3506; x_wconf 84' lang='lat' dir='ltr'>omnibus</span> <span class='ocrx_word' id='word_1_214' title='bbox 397 3440 574 3507; x_wconf 78' lang='lat' dir='ltr'>sententiae</span> <span class='ocrx_word' id='word_1_215' title='bbox 598 3441 754 3525; x_wconf 82' lang='lat' dir='ltr'>vestigiis.</span> <span class='ocrx_word' id='word_1_216' title='bbox 803 3441 870 3507; x_wconf 89' lang='lat' dir='ltr'>Non</span> <span class='ocrx_word' id='word_1_217' title='bbox 897 3440 990 3508; x_wconf 88' lang='lat' dir='ltr'>saeile</span> <span class='ocrx_word' id='word_1_218' title='bbox 1019 3443 1193 3530; x_wconf 83' lang='lat' dir='ltr'>quidquam</span> <span class='ocrx_word' id='word_1_219' title='bbox 1220 3464 1314 3509; x_wconf 91' lang='lat' dir='ltr'>erues</span> <span class='ocrx_word' id='word_1_220' title='bbox 1338 3443 1411 3509; x_wconf 88' lang='lat' dir='ltr'>boni</span> 
     </span>
     <span class='ocr_line' id='line_1_30' title="bbox 223 3547 1408 3632; baseline -0.001 -19"><span class='ocrx_word' id='word_1_221' title='bbox 223 3567 262 3613; x_wconf 83' lang='lat' dir='ltr'>ex</span> <span class='ocrx_word' id='word_1_222' title='bbox 287 3547 477 3632; x_wconf 76' lang='lat' dir='ltr'>pisper,</span> <span class='ocrx_word' id='word_1_223' title='bbox 503 3551 540 3612; x_wconf 79' lang='lat'>5:</span> <span class='ocrx_word' id='word_1_224' title='bbox 567 3547 750 3619; x_wconf 75' lang='grc' dir='ltr'><strong><em>Λεοντύθεις</em></strong></span> <span class='ocrx_word' id='word_1_225' title='bbox 773 3548 804 3613; x_wconf 79' lang='grc' dir='ltr'>δὲ</span> <span class='ocrx_word' id='word_1_226' title='bbox 834 3547 886 3614; x_wconf 75' lang='lat' dir='ltr'>uel</span> <span class='ocrx_word' id='word_1_227' title='bbox 911 3549 1076 3627; x_wconf 79' lang='grc' dir='ltr'><strong><em>οίετύδεις,</em></strong></span> <span class='ocrx_word' id='word_1_228' title='bbox 1108 3549 1161 3614; x_wconf 74' lang='grc' dir='ltr'><strong><em>κοιὶ</em></strong></span> <span class='ocrx_word' id='word_1_229' title='bbox 1185 3548 1325 3631; x_wconf 81' lang='grc' dir='ltr'><strong><em>οχιζίοοι,</em></strong></span> <span class='ocrx_word' id='word_1_230' title='bbox 1357 3547 1408 3615; x_wconf 79' lang='grc' dir='ltr'>κού</span> 
     </span>
     <span class='ocr_line' id='line_1_31' title="bbox 222 3651 1410 3733; baseline 0.001 -16"><span class='ocrx_word' id='word_1_231' title='bbox 222 3655 268 3726; x_wconf 77' lang='grc' dir='ltr'>ὡς</span> <span class='ocrx_word' id='word_1_232' title='bbox 293 3651 643 3732; x_wconf 74' lang='grc' dir='ltr'><strong><em>ἐπονομάζουσιν,</em></strong></span> <span class='ocrx_word' id='word_1_233' title='bbox 678 3651 850 3719; x_wconf 71' lang='grc' dir='ltr'><strong><em>ούκονοον</em></strong></span> <span class='ocrx_word' id='word_1_234' title='bbox 885 3653 1026 3720; x_wconf 77' lang='grc' dir='ltr'><strong><em>τοιοίδε</em></strong></span> <span class='ocrx_word' id='word_1_235' title='bbox 1057 3656 1197 3730; x_wconf 78' lang='grc' dir='ltr'><strong><em>οίθλνιτῶν</em></strong></span> <span class='ocrx_word' id='word_1_236' title='bbox 1233 3653 1322 3733; x_wconf 75' lang='grc' dir='ltr'><strong><em>εἴδη,</em></strong></span> <span class='ocrx_word' id='word_1_237' title='bbox 1355 3661 1410 3719; x_wconf 83' lang='lat' dir='ltr'>nul</span> 
     </span>
     <span class='ocr_line' id='line_1_32' title="bbox 222 3755 1410 3843; baseline 0.003 -21"><span class='ocrx_word' id='word_1_238' title='bbox 222 3777 253 3843; x_wconf 88' lang='lat' dir='ltr'>p.</span> <span class='ocrx_word' id='word_1_239' title='bbox 280 3762 345 3836; x_wconf 91' lang='grc'>66,</span> <span class='ocrx_word' id='word_1_240' title='bbox 371 3761 412 3823; x_wconf 86' lang='grc'>6;</span> <span class='ocrx_word' id='word_1_241' title='bbox 436 3759 463 3822; x_wconf 80' lang='grc' dir='ltr'>οἱ</span> <span class='ocrx_word' id='word_1_242' title='bbox 487 3757 550 3837; x_wconf 74' lang='grc' dir='ltr'>γὰρ</span> <span class='ocrx_word' id='word_1_243' title='bbox 572 3758 713 3838; x_wconf 78' lang='grc' dir='ltr'><strong><em>ἐπίχολοι</em></strong></span> <span class='ocrx_word' id='word_1_244' title='bbox 738 3761 892 3842; x_wconf 78' lang='grc' dir='ltr'><strong><em>οὶφοονείς,</em></strong></span> <span class='ocrx_word' id='word_1_245' title='bbox 916 3755 968 3825; x_wconf 82' lang='grc' dir='ltr'><strong><em>οἷοι</em></strong></span> <span class='ocrx_word' id='word_1_246' title='bbox 992 3761 1044 3824; x_wconf 75' lang='lat' dir='ltr'>eol</span> <span class='ocrx_word' id='word_1_247' title='bbox 1069 3760 1120 3826; x_wconf 79' lang='grc' dir='ltr'>διθι</span> <span class='ocrx_word' id='word_1_248' title='bbox 1145 3759 1180 3824; x_wconf 85' lang='grc' dir='ltr'>πθ</span> <span class='ocrx_word' id='word_1_249' title='bbox 1211 3756 1331 3838; x_wconf 76' lang='grc' dir='ltr'><strong><em>ἕτοιμον</em></strong></span> <span class='ocrx_word' id='word_1_250' title='bbox 1354 3767 1410 3835; x_wconf 74' lang='grc' dir='ltr'>τῆς</span> 
     </span>
     <span class='ocr_line' id='line_1_33' title="bbox 221 3861 1407 3951; baseline 0.003 -25"><span class='ocrx_word' id='word_1_251' title='bbox 221 3861 345 3943; x_wconf 80' lang='grc' dir='ltr'><strong><em>φύσεως</em></strong></span> <span class='ocrx_word' id='word_1_252' title='bbox 366 3861 418 3926; x_wconf 77' lang='grc' dir='ltr'><strong><em>κοιὶ</em></strong></span> <span class='ocrx_word' id='word_1_253' title='bbox 441 3869 577 3941; x_wconf 80' lang='grc' dir='ltr'><strong><em>μοινικῶς</em></strong></span> <span class='ocrx_word' id='word_1_254' title='bbox 601 3863 829 3944; x_wconf 79' lang='grc' dir='ltr'><strong><em>τοιροολλοίξοιι,</em></strong></span> <span class='ocrx_word' id='word_1_255' title='bbox 854 3872 910 3930; x_wconf 79' lang='lat' dir='ltr'>eut</span> <span class='ocrx_word' id='word_1_256' title='bbox 932 3885 962 3951; x_wconf 91' lang='lat' dir='ltr'>p.</span> <span class='ocrx_word' id='word_1_257' title='bbox 989 3869 1051 3943; x_wconf 91' lang='grc'>66,</span> <span class='ocrx_word' id='word_1_258' title='bbox 1078 3870 1141 3929; x_wconf 80' lang='grc' dir='ltr'>11ι</span> <span class='ocrx_word' id='word_1_259' title='bbox 1177 3865 1230 3930; x_wconf 77' lang='lat' dir='ltr'>noel</span> <span class='ocrx_word' id='word_1_260' title='bbox 1254 3862 1407 3946; x_wconf 80' lang='grc' dir='ltr'><strong><em>οτιοοροίξει</em></strong></span> 
     </span>
     <span class='ocr_line' id='line_1_34' title="bbox 221 3966 1407 4052; baseline 0.003 -21"><span class='ocrx_word' id='word_1_261' title='bbox 221 3966 253 4031; x_wconf 76' lang='grc' dir='ltr'>δὲ</span> <span class='ocrx_word' id='word_1_262' title='bbox 285 3967 409 4039; x_wconf 78' lang='grc' dir='ltr'><strong><em>τούτους</em></strong></span> <span class='ocrx_word' id='word_1_263' title='bbox 439 3967 474 4031; x_wconf 84' lang='grc' dir='ltr'>τὸ</span> <span class='ocrx_word' id='word_1_264' title='bbox 504 3971 653 4046; x_wconf 80' lang='grc' dir='ltr'><strong><em>πνούμοι,</em></strong></span> <span class='ocrx_word' id='word_1_265' title='bbox 687 3969 826 4051; x_wconf 82' lang='grc' dir='ltr'><strong><em>κοιθοθιιορ</em></strong></span> <span class='ocrx_word' id='word_1_266' title='bbox 859 3978 938 4044; x_wconf 80' lang='grc' dir='ltr'><strong><em>τοῖς</em></strong></span> <span class='ocrx_word' id='word_1_267' title='bbox 967 3968 1087 4051; x_wconf 80' lang='grc' dir='ltr'><strong><em>θορκτοις</em></strong></span> <span class='ocrx_word' id='word_1_268' title='bbox 1121 3971 1151 4035; x_wconf 82' lang='grc' dir='ltr'>ἐν</span> <span class='ocrx_word' id='word_1_269' title='bbox 1186 3978 1250 4043; x_wconf 82' lang='grc' dir='ltr'><strong><em>τοῖς</em></strong></span> <span class='ocrx_word' id='word_1_270' title='bbox 1280 3970 1407 4052; x_wconf 78' lang='grc' dir='ltr'><strong><em>δρθμοις.</em></strong></span> 
     </span>
     <span class='ocr_line' id='line_1_35' title="bbox 221 4069 1407 4160; baseline 0.006 -27"><span class='ocrx_word' id='word_1_271' title='bbox 221 4069 382 4134; x_wconf 78' lang='lat' dir='ltr'>Vooaliula</span> <span class='ocrx_word' id='word_1_272' title='bbox 406 4069 526 4137; x_wconf 81' lang='lat' dir='ltr'>Graeca</span> <span class='ocrx_word' id='word_1_273' title='bbox 550 4073 585 4137; x_wconf 94' lang='lat' dir='ltr'>in</span> <span class='ocrx_word' id='word_1_274' title='bbox 609 4072 659 4140; x_wconf 90' lang='lat' dir='ltr'>his</span> <span class='ocrx_word' id='word_1_275' title='bbox 680 4084 865 4160; x_wconf 83' lang='lat' dir='ltr'>portentose</span> <span class='ocrx_word' id='word_1_276' title='bbox 894 4075 1049 4160; x_wconf 83' lang='lat' dir='ltr'>leguntur</span> <span class='ocrx_word' id='word_1_277' title='bbox 1071 4072 1170 4141; x_wconf 86' lang='lat' dir='ltr'>veluti</span> <span class='ocrx_word' id='word_1_278' title='bbox 1196 4079 1260 4153; x_wconf 84' lang='lat'>66,</span> <span class='ocrx_word' id='word_1_279' title='bbox 1287 4077 1316 4140; x_wconf 92' lang='lat'>1.</span> <span class='ocrx_word' id='word_1_280' title='bbox 1349 4075 1407 4147; x_wconf 79' lang='grc' dir='ltr'>τθις</span> 
     </span>
     <span class='ocr_line' id='line_1_36' title="bbox 221 4173 1406 4266; baseline 0.004 -25"><span class='ocrx_word' id='word_1_281' title='bbox 221 4173 430 4255; x_wconf 77' lang='grc' dir='ltr'><strong><em>ονμπλύξεις,</em></strong></span> <span class='ocrx_word' id='word_1_282' title='bbox 453 4183 485 4241; x_wconf 88' lang='lat' dir='ltr'>et</span> <span class='ocrx_word' id='word_1_283' title='bbox 510 4181 574 4255; x_wconf 92' lang='grc'>66,</span> <span class='ocrx_word' id='word_1_284' title='bbox 599 4183 637 4246; x_wconf 78' lang='lat'>5:</span> <span class='ocrx_word' id='word_1_285' title='bbox 671 4181 925 4262; x_wconf 76' lang='grc' dir='ltr'><strong><em>οὶτρομικύτοιτοι.</em></strong></span> <span class='ocrx_word' id='word_1_286' title='bbox 976 4180 1187 4266; x_wconf 82' lang='lat' dir='ltr'>interpretem</span> <span class='ocrx_word' id='word_1_287' title='bbox 1210 4179 1291 4244; x_wconf 92' lang='lat' dir='ltr'>nihil</span> <span class='ocrx_word' id='word_1_288' title='bbox 1312 4178 1406 4246; x_wconf 86' lang='lat' dir='ltr'>offen·</span> 
     </span>
     <span class='ocr_line' id='line_1_37' title="bbox 220 4279 1406 4372; baseline 0.005 -28"><span class='ocrx_word' id='word_1_289' title='bbox 220 4280 268 4345; x_wconf 91' lang='lat' dir='ltr'>dit</span> <span class='ocrx_word' id='word_1_290' title='bbox 293 4280 347 4367; x_wconf 92' lang='lat' dir='ltr'>qui</span> <span class='ocrx_word' id='word_1_291' title='bbox 370 4279 530 4349; x_wconf 86' lang='lat' dir='ltr'>reddidit:</span> <span class='ocrx_word' id='word_1_292' title='bbox 569 4283 635 4350; x_wconf 86' lang='lat' dir='ltr'>»les</span> <span class='ocrx_word' id='word_1_293' title='bbox 660 4286 764 4352; x_wconf 90' lang='lat' dir='ltr'>moins</span> <span class='ocrx_word' id='word_1_294' title='bbox 799 4286 899 4372; x_wconf 88' lang='lat' dir='ltr'>sujets</span> <span class='ocrx_word' id='word_1_295' title='bbox 930 4284 949 4350; x_wconf 79' lang='lat' dir='ltr'>d</span> <span class='ocrx_word' id='word_1_296' title='bbox 977 4285 1163 4351; x_wconf 87' lang='lat' dir='ltr'>trembler.”</span> <span class='ocrx_word' id='word_1_297' title='bbox 1210 4283 1299 4351; x_wconf 91' lang='lat' dir='ltr'>Idem</span> <span class='ocrx_word' id='word_1_298' title='bbox 1329 4308 1406 4364; x_wconf 81' lang='grc' dir='ltr'><strong><em>σομ-</em></strong></span> 
     </span>
     <span class='ocr_line' id='line_1_38' title="bbox 219 4385 1405 4478; baseline 0.003 -27"><span class='ocrx_word' id='word_1_299' title='bbox 219 4385 344 4464; x_wconf 79' lang='grc' dir='ltr'><strong><em>πλέξεις</em></strong></span> <span class='ocrx_word' id='word_1_300' title='bbox 367 4387 435 4474; x_wconf 89' lang='lat' dir='ltr'>ipse</span> <span class='ocrx_word' id='word_1_301' title='bbox 459 4386 572 4455; x_wconf 84' lang='lat' dir='ltr'>finxit:</span> <span class='ocrx_word' id='word_1_302' title='bbox 597 4390 629 4455; x_wconf 93' lang='lat' dir='ltr'>in</span> <span class='ocrx_word' id='word_1_303' title='bbox 652 4390 834 4478; x_wconf 83' lang='lat' dir='ltr'>apographo</span> <span class='ocrx_word' id='word_1_304' title='bbox 862 4392 975 4478; x_wconf 79' lang='lat' dir='ltr'>Myous</span> <span class='ocrx_word' id='word_1_305' title='bbox 995 4389 1127 4457; x_wconf 83' lang='lat' dir='ltr'>dederet</span> <span class='ocrx_word' id='word_1_306' title='bbox 1152 4391 1243 4475; x_wconf 93' lang='lat' dir='ltr'>prius</span> <span class='ocrx_word' id='word_1_307' title='bbox 1266 4404 1405 4470; x_wconf 86' lang='grc' dir='ltr'><strong><em>ονμπλο-</em></strong></span> 
     </span>
     <span class='ocr_line' id='line_1_39' title="bbox 216 4492 1404 4575; baseline 0.001 -17"><span class='ocrx_word' id='word_1_308' title='bbox 216 4493 294 4571; x_wconf 83' lang='grc' dir='ltr'><strong><em>κιίς,</em></strong></span> <span class='ocrx_word' id='word_1_309' title='bbox 321 4492 435 4561; x_wconf 91' lang='lat' dir='ltr'>deinde</span> <span class='ocrx_word' id='word_1_310' title='bbox 459 4496 660 4575; x_wconf 65' lang='lat' dir='ltr'>nepotalem</span> <span class='ocrx_word' id='word_1_311' title='bbox 681 4506 712 4563; x_wconf 89' lang='lat' dir='ltr'>et</span> <span class='ocrx_word' id='word_1_312' title='bbox 736 4494 965 4574; x_wconf 62' lang='grc' dir='ltr'><strong><em>πνμπλθξεις</em></strong></span> <span class='ocrx_word' id='word_1_313' title='bbox 993 4497 1160 4563; x_wconf 83' lang='lat' dir='ltr'>Praeterea</span> <span class='ocrx_word' id='word_1_314' title='bbox 1185 4497 1211 4564; x_wconf 91' lang='lat' dir='ltr'>si</span> <span class='ocrx_word' id='word_1_315' title='bbox 1235 4493 1404 4562; x_wconf 82' lang='lat' dir='ltr'>mirificem</span> 
     </span>
    </p>
   </div>
   <div class='ocr_carea' id='block_1_3' title="bbox 0 0 1640 5190">
    <p class='ocr_par' dir='ltr' id='par_1_6' title="bbox 0 0 1640 5190">
     <span class='ocr_line' id='line_1_40' title="bbox 0 0 1640 5190; baseline 0 2"><span class='ocrx_word' id='word_1_316' title='bbox 0 0 1640 5190; x_wconf 95' lang='lat' dir='ltr'> </span> 
     </span>
    </p>
   </div>
  </div>
 </body>
</html>
