3270 5190
797 416 839 477 5¹5

226 589 411 676 probatione
434 590 619 657 admittitur
638 587 830 670 ἐγκρίνεται,
856 588 912 671 qui
935 585 1083 651 relicitur
1108 584 1285 666 ἐκκρίνεται»
1318 583 1418 671 Saepe

227 695 295 760 lieri
320 696 440 762 solebat
469 706 502 762 ut
527 693 661 770 donarat
686 693 797 766 παῖδες
828 693 1061 766 reficerentur,
1086 692 1112 754 si
1137 700 1244 755 essent
1269 691 1417 774 grandio-

226 820 276 865 res
301 822 337 867 ac
366 801 563 867 robustiores
585 818 680 886 qtraru
711 818 766 883 pro
791 817 926 861 numero
954 815 1134 868 annorum,
1169 816 1248 880 quos
1273 797 1341 860 nati
1371 817 1416 861 οοΗ

224 915 304 970 sent.
355 909 450 972 netas
475 909 560 972 enim
597 925 657 969 non
689 901 818 968 aliunde
848 922 942 988 qtram
967 921 1004 967 ex
1034 901 1177 987 corporis
1212 901 1323 966 babitu
1354 902 1417 966 col·

223 1009 404 1095 ligabatur,
439 1032 512 1077 nam
537 1008 695 1098 quomodo
718 1008 756 1073 de
787 1008 966 1072 nativitatis
998 1026 1083 1071 anno
1115 1014 1262 1072 constare
1299 1009 1415 1091 potiris·

223 1116 293 1180 set?
343 1117 441 1182 blulta
473 1117 615 1199 exerrrpla
647 1123 720 1178 sunt
757 1120 789 1177 et
819 1111 901 1197 apud
935 1110 1014 1176 alios
1046 1119 1079 1176 et
1108 1111 1191 1196 apud
1225 1115 1416 1178 Pausaniam

224 1240 359 1297 eorum,
385 1223 439 1306 qui
464 1223 650 1303 ἐκκριθέντες
682 1219 854 1283 ἐκπαίδων
888 1217 998 1280 statim
1032 1235 1105 1280 cum
1141 1216 1219 1280 viris
1251 1219 1416 1302 congressi

223 1335 298 1390 sunt
323 1347 360 1391 ac
387 1326 524 1411 palmam
551 1331 753 1390 meruerunt.
803 1323 915 1405 ltaque
937 1322 1084 1399 ἐγκρίνειν
1106 1341 1216 1386 verum
1242 1331 1291 1387 est
1312 1330 1342 1386 et
1368 1325 1415 1387 sic

223 1430 453 1494 scribendum:
488 1433 589 1495 ταῖδα
624 1428 758 1500 aenaria
790 1426 984 1500 ἑλλανοδίκας
1016 1425 1073 1504 μέν
1103 1426 1190 1502 stab*
1227 1429 1414 1508 αμφικτύιον

223 1535 486 1614 ἑγκρίνονοιν
511 1537 574 1600 οξτο
595 1538 653 1596 τῶν
673 1527 801 1596 τοιῶνδε,
850 1530 970 1595 Deinde
992 1550 1128 1615 qrrarum
1154 1551 1260 1596 reram
1287 1535 1317 1596 in
1343 1534 1412 1597 atb-

224 1635 288 1700 leta
314 1658 413 1722 puero
443 1637 604 1722 probando
637 1636 792 1702 balreatur
817 1637 898 1699 ratio
932 1645 1122 1712 enumerat,
1156 1643 1188 1702 et
1219 1638 1250 1700 in
1274 1658 1309 1702 ea
1334 1659 1413 1704 enu-

225 1743 402 1806 merati-one
424 1743 506 1806 inest
530 1741 580 1805 illa
604 1742 741 1808 mirifica
766 1738 930 1818 conlusio,
960 1741 1168 1826 qoaruobrem
1194 1740 1280 1807 huno
1305 1743 1412 1810 loomn

223 1845 339 1910 attuli:
368 1848 397 1910 οἱ
429 1849 515 1926 &aab
548 1849 624 1928 τῷδε
656 1845 708 1911 καὶ
743 1846 874 1926 πατρίς,
904 1846 932 1910 εἰ
960 1848 1063 1926 πατὴρ
1097 1847 1149 1911 καὶ
1181 1847 1289 1926 γένος,
1322 1851 1348 1914 εἰ
1377 1849 1412 1926 ἐξ

221 1951 380 2030 ἐλευθέραν
401 1952 453 2016 καὶ
477 1955 521 2030 μὴ
554 1951 656 2028 νόθοι,
686 1951 736 2015 s'arl
763 1955 859 2015 arcion
884 1953 910 2015 εἶ
935 1951 997 2025 νέος
1022 1951 1074 2016 καὶ
1103 1953 1148 2030 μὴ
1180 1954 1253 2034 ὑπὲρ
1286 1956 1411 2022 ταῒδα·

219 2056 246 2119 εἷ
268 2057 423 2136 ἐγκρατὴς
454 2057 471 2132 ἢ
504 2058 665 2138 ἀκρατής,
695 2059 720 2121 εἰ
754 2057 907 2133 palescis,
944 2057 968 2119 εἰ
1001 2057 1127 2136 λίχνος,
1151 2059 1176 2121 al
1202 2060 1367 2139 θαρσαλέος
1393 2061 1410 2136 ἢ

219 2160 329 2234 δειλός.
387 2161 471 2226 Οὔτε
503 2165 535 2226 εἰ4
563 2164 761 2240 γιγνώσκοιεν
796 2161 900 2235 οὐδὲν,
933 2163 959 2225 οἱ
993 2161 1076 2239 νόμον
1113 2161 1220 2243 σφίσιν
1251 2163 1324 2244 ὑπὲρ
1353 2171 1411 2229 τῶν

219 2265 360 2330 τοιούτων
392 2264 614 2344 διαλέγονται·
651 2268 702 2331 τὸν
724 2267 754 2330 δὲ
780 2267 944 2343 γομναςὶιν
966 2264 1166 2340 &derisore-dar
1199 2274 1326 2344 ταῦτα,
1350 2270 1411 2352 <prl-

219 2370 293 2443 νεώς
330 2394 388 2435 του
415 2372 516 2456 κριτὴν
550 2371 634 2437 ὄντα.
685 2370 768 2451 Quid
803 2379 851 2436 est
889 2369 1049 2436 infelicius
1083 2372 1282 2458 Interprele,
1315 2394 1409 2459 quent

219 2475 301 2541 dura
337 2476 512 2541 necessitas
542 2478 627 2561 cogit
660 2477 721 2541 ista
756 2477 984 2562 qualicumque
1008 2477 1136 2543 tandem
1163 2478 1254 2543 modo
1285 2488 1410 2546 vertere

219 2581 251 2644 in
279 2600 457 2647 sermonem
483 2581 650 2647 Gallicum.

810 2687 958 2761 ὦτοέλας
982 2690 1074 2768 οξνήρ,

492 2790 553 2864 aaa
579 2795 672 2857 κακὸν
696 2797 828 2857 τοιοῦτον
853 2793 1084 2872 οέγααλιζεται,

217 2901 251 2959 et
274 2896 325 2958 cui
353 2914 390 2958 ex
423 2895 536 2981 llynae
570 2896 760 2959 cornrnentis
787 2904 817 2959 et
854 2894 1158 2959 hallucinationibus
1193 2900 1300 2962 neseio
1331 2902 1409 2985 quid

218 3008 267 3064 est
298 2998 551 3064 extuudendum.
600 2999 763 3084 interpres
800 2997 877 3064 baec
910 2997 1017 3063 dedit:
1056 3019 1115 3064 »en
1146 3009 1256 3067 leuant
1284 3011 1410 3089 corrrpte

218 3103 274 3169 des
295 3106 533 3169 circonstances
559 3105 742 3170 sulcantes:
772 3105 798 3167 si
823 3124 857 3168 sa
884 3103 977 3168 tribu'
994 3123 1035 3168 ou
1060 3124 1094 3169 sa
1118 3108 1222 3191 patrie
1243 3115 1314 3173 sont
1336 3129 1409 3174 con·

220 3228 319 3284 noes,
344 3210 426 3272 ainsi
450 3230 511 3294 que
536 3229 591 3273 son
619 3209 694 3293 pere
715 3216 745 3274 et
770 3229 803 3273 sa
826 3208 961 3282 iamille;
986 3209 1033 3274 s’il
1058 3218 1106 3275 est
1129 3212 1195 3276 issu
1219 3212 1258 3278 de
1279 3223 1409 3298 parents

217 3312 330 3388 libres,
355 3321 386 3377 et
411 3314 461 3378 s'il
491 3316 574 3379 n'est
595 3334 652 3399 pas
673 3334 715 3377 tm
747 3313 857 3379 eniant
882 3314 1070 3399 illegitime3
1101 3317 1193 3400 apres
1225 3328 1288 3383 tout
1320 3320 1408 3398 celo,

218 3416 258 3482 ils
283 3417 411 3494 doivent
447 3420 552 3483 savoir
583 3417 633 3482 s'il
668 3420 719 3482 n'a
751 3439 808 3504 pas
841 3420 974 3504 depassd
1007 3418 1089 3503 l’dge
1114 3421 1153 3485 de
1176 3421 1331 3506 piabant,
1357 3427 1408 3491 s’il

217 3530 268 3587 est
294 3525 474 3607 ternperant
508 3544 548 3588 ou
578 3543 660 3598 non,
696 3523 744 3586 s'il
772 3533 819 3588 est
852 3527 984 3606 irrogne
1017 3543 1056 3586 ou
1090 3526 1287 3607 gonrrnand,
1311 3527 1408 3593 auda·

219 3627 313 3692 cieux
338 3647 377 3692 ou
403 3628 503 3693 ldobe.
554 3628 632 3692 Lors
666 3630 765 3690 aroma
789 3628 884 3712 qa’ils
911 3649 950 3691 ne
977 3639 1112 3710 pcuoaot
1132 3651 1190 3714 pus
1215 3632 1298 3716 faire
1323 3640 1407 3698 celte

219 3731 430 3807 distinction,
455 3734 486 3799 lo
512 3733 554 3798 loi
576 3753 614 3796 oe
635 3732 704 3795 tour
729 3732 775 3795 dit
803 3734 868 3796 rien
890 3730 909 3794 d
933 3741 978 3796 oet
999 3734 1096 3817 dgnrd
1108 3756 1118 3806 ;
1145 3736 1226 3799 mais
1250 3734 1309 3799 elle
1332 3748 1407 3802 veut

218 3856 280 3923 que
313 3837 342 3902 le
375 3847 545 3923 gymnasie
570 3836 665 3901 sache
692 3836 758 3901 cela
790 3836 1060 3922 eompldtement‚
1099 3837 1230 3903 attendo
1258 3840 1335 3924 qu’il
1359 3852 1407 3907 cst

219 3960 257 4006 en
294 3941 430 4026 quelque
466 3951 551 4007 sorte
585 3941 613 4006 le
641 3940 718 4025 juge
753 3939 792 4005 de
821 3940 851 4005 la
885 3941 1033 4006 nature.”
1082 3941 1184 4006 Arena
1220 3945 1288 4010 sine
1320 3946 1407 4013 calce

218 4044 298 4110 baec
323 4053 392 4122 est,
425 4054 460 4110 ut
486 4047 661 4131 unicuique
694 4044 733 4110 ad
758 4046 895 4131 primam
924 4046 1033 4111 statim
1058 4045 1226 4113 lectionem
1250 4052 1313 4114 erit
1335 4073 1406 4138 per·

219 4152 389 4235 spicuam,
425 4153 480 4236 qui
515 4151 643 4236 quidem
677 4170 753 4215 sana
788 4149 827 4213 ab
859 4152 980 4214 insanis
1010 4159 1041 4216 et
1073 4141 1160 4217 recte
1192 4154 1332 4235 cogitata
1368 4157 1407 4220 ab

218 4256 336 4340 ineptis
361 4263 392 4320 et
416 4255 564 4321 absurdis
594 4256 707 4323 didicit
732 4255 942 4338 distinguere.
989 4255 1055 4319 Non
1083 4255 1177 4319 aliter
1201 4256 1278 4321 bace
1301 4258 1406 4323 redar-

218 4378 316 4443 guere
341 4361 372 4424 in
398 4361 505 4425 animo
528 4369 574 4425 est
602 4381 696 4446 quarn
718 4358 932 4447 expromendo
956 4378 1067 4422 sanam
1092 4358 1282 4437 lectionem,
1308 4383 1406 4446 qtram

218 4463 264 4528 sic
290 4484 415 4530 mecum
447 4464 623 4550 indagabis.
672 4465 899 4532 Animadverte
930 4463 1075 4529 voculam
1108 4464 1165 4541 μέν
1198 4465 1230 4528 in
1261 4464 1328 4532 bis:
1359 4470 1406 4534 ἐκ·

1118 4575 1130 4613 3
