3270 5190
886 458 925 519 ld

319 628 370 695 ἐπ’
394 629 529 715 αἰσχύνῃ
552 632 679 708 αἰῶνες
706 629 803 717 Atqui
826 629 920 696 inodo
945 629 1071 698 dixerat
1103 627 1268 718 Olympiae
1292 631 1372 697 nihil
1397 632 1507 701 liuius·

319 733 406 801 modi
430 735 499 801 fieri
524 736 637 803 solere.
687 734 748 802 Sed
776 755 839 802 non
864 736 924 801 hoe
948 756 1034 802 nune
1068 755 1184 822 urgeo,
1216 755 1329 803 verum
1359 738 1392 803 id
1424 738 1508 823 qnod
1578 734 1580 737 ’

318 838 449 907 additur
472 844 521 908 ἐπ’
545 843 680 925 αἰσχύνῃ
707 843 824 916 αἰῶνος.
873 841 956 923 Quid
979 842 1059 921 hoc,
1084 862 1223 929 quaeso,
1248 843 1317 908 est?
1343 844 1507 924 Quomodo

318 945 396 1012 haec
428 947 524 1015 verba
559 947 706 1032 componi
741 947 898 1034 possunt?
948 947 1079 1014 Scilicet
1113 947 1191 1014 haee
1222 956 1321 1027 sunt,
1357 959 1391 1014 ut
1425 950 1505 1016 Galli

317 1050 487 1118 iocantur:

453 1157 536 1222 dene
559 1165 638 1222 mors
661 1159 725 1244 sort
750 1159 874 1222 e'tonne's
896 1157 934 1223 de
957 1179 990 1224 ae
1013 1167 1138 1224 trouver
1162 1157 1325 1222 resemble.

361 1259 445 1325 Num
479 1263 573 1340 νῖὠν,
605 1261 637 1327 id
669 1270 718 1328 est
747 1262 832 1328 tart
867 1262 997 1344 χρόνος,
1032 1262 1246 1344 νὶνχύνετννῖ
1281 1262 1365 1328 Num
1396 1288 1506 1330 κντνν-

316 1367 492 1449 σχύνενννὲ
529 1367 598 1433 Non
623 1369 668 1434 sie
701 1375 731 1435 te
760 1367 917 1454 expedies.
966 1368 1129 1450 Quomodo
1154 1367 1277 1453 igitur?
1315 1368 1411 1434 Verte
1435 1369 1505 1434 Gal·

316 1471 377 1538 lice
405 1481 437 1538 et
462 1471 593 1538 habebis
625 1472 796 1540 locutionis
829 1482 860 1541 et
885 1494 1017 1540 sensum
1041 1483 1073 1541 et
1101 1475 1269 1560 originem.
1325 1474 1503 1559 interpres:

318 1576 406 1658 »Que
441 1597 537 1644 nese
570 1581 727 1664 passerait
751 1579 774 1644 il
805 1579 888 1645 done
920 1599 976 1666 pas
1009 1600 1048 1646 en
1073 1582 1162 1647 Ionie
1185 1619 1231 1629 -
1251 1579 1270 1645 ὰ
1293 1579 1324 1644 lc
1348 1579 1439 1645 docte
1462 1580 1505 1643 dn
1587 1616 1589 1621 ·

316 1682 471 1748 siecle?’'
519 1683 585 1748 Hoc
614 1682 691 1770 quid
715 1686 757 1750 sit
788 1684 1000 1770 intelligimus
1023 1693 1055 1750 et
1086 1686 1198 1751 Latine
1223 1703 1350 1770 quoque
1381 1687 1428 1751 sie
1460 1685 1504 1750 lo-

316 1794 463 1873 quuntur
490 1807 616 1865 omnm,
642 1797 677 1854 ut
701 1807 753 1855 res
775 1788 934 1874 flagitiosa
962 1809 1000 1854 ae
1021 1791 1128 1874 turpis
1148 1789 1266 1854 soeculi
1280 1789 1412 1855 dedecus
1434 1800 1505 1857 esse

315 1891 465 1972 dicatur,
497 1912 579 1979 quae
613 1894 761 1960 omnibus
794 1895 851 1982 qui
874 1893 928 1960 illo
961 1892 1109 1970 saeculo,
1147 1892 1200 1957 illa
1230 1899 1334 1958 aetate
1363 1896 1503 1961 vixerint

315 1996 453 2064 dedecus
474 2007 506 2064 et
531 1998 697 2066 infamiam
725 2000 923 2087 adspersisse
947 1998 1084 2065 dicatur.
1133 1997 1195 2064 Sed
1219 1997 1338 2064 Graece
1358 1999 1404 2063 sie
1429 2002 1504 2084 poni

313 2123 408 2190 posse
436 2104 527 2183 aiolo,
558 2113 590 2172 et
613 2107 663 2172 ἐπ’
692 2106 827 2190 αἰσχύνῃ
850 2108 952 2180 αἰῶνος
976 2104 1026 2171 vel
1057 2107 1110 2171 τοῦ
1134 2106 1238 2176 αἰῶνος
1263 2101 1385 2188 aliquid
1419 2107 1504 2171 aeci.-

314 2207 399 2274 disse
423 2207 487 2274 diei
511 2231 605 2277 nemo
632 2211 681 2278 vel
707 2212 912 2278 mediocriter
940 2210 1059 2277 Graece
1089 2208 1203 2276 doctus
1230 2208 1262 2273 in
1284 2209 1431 2274 animum
1456 2211 1503 2274 in·
1611 2230 1619 2236 ·

314 2312 410 2379 ducet
444 2322 482 2380 ut
506 2314 625 2382 eredat.
674 2317 735 2398 Qui
759 2317 818 2384 hoc
851 2336 1049 2403 concoquere
1081 2317 1200 2402 poterit
1231 2314 1328 2381 etiam
1365 2313 1502 2381 Simoni-

314 2417 411 2486 deum
433 2421 519 2486 uorat
543 2424 598 2497 riv
628 2422 808 2500 deivillare
838 2424 921 2511 ferri
949 2443 1042 2508 posse
1073 2421 1208 2507 putabit.
1256 2419 1360 2486 Verba
1388 2423 1419 2486 ἐν
1449 2429 1501 2488 ’0-

312 2525 440 2610 λνμπίνν
464 2527 513 2591 ἔντ’
535 2525 669 2612 αἰσχύνῃ
695 2528 799 2602 aricinae
826 2528 939 2617 lllynas
969 2525 1007 2593 de
1030 2546 1088 2591 suo
1118 2523 1216 2591 dedit.
1263 2523 1383 2590 Eodem
1409 2526 1502 2592 ruodo

314 2630 348 2696 in
368 2649 405 2695 eo
428 2629 518 2708 loco,
542 2630 627 2697 unde
654 2632 718 2696 orsi
746 2653 881 2710 sumus,
912 2630 1009 2697 verba
1039 2634 1093 2698 οὐκ
1119 2627 1251 2705 circini
1271 2629 1303 2695 τί
1335 2654 1394 2708 σε,
1417 2630 1501 2714 ἔφη,

313 2741 372 2800 τῶν
396 2736 508 2812 ἑαυτῆς
532 2738 678 2804 caedenda
701 2743 829 2803 ννκῶντνν
857 2735 1059 2819 Ὀλυμπίαζε
1090 2755 1154 2800 non
1184 2733 1377 2800 Philostrato
1403 2736 1502 2800 maxi·

313 2859 399 2906 mam
432 2848 558 2927 partem
590 2842 646 2908 sed
673 2843 787 2931 Mynae
823 2841 991 2908 debentur.
1049 2839 1133 2922 Quid
1161 2841 1203 2904 sit
1234 2841 1268 2905 in
1303 2839 1355 2907 his
1391 2842 1500 2926 genni-

313 2966 392 3012 num
418 2954 450 3013 et
473 2946 630 3033 quomodo
665 2969 703 3014 ex
736 2948 800 3014 illis
831 2949 900 3034 ipsa
930 2946 1097 3034 Sophistae
1131 2965 1247 3012 manus
1278 2947 1501 3012 reconcinnari

314 3053 435 3139 possit,
472 3053 499 3116 is
533 3052 618 3119 dicet
650 3054 705 3138 qui
737 3052 885 3120 Codieem
918 3051 1090 3139 aliquando
1128 3049 1264 3117 eruditis
1298 3051 1400 3116 oeulis
1430 3071 1499 3138 per-

313 3156 523 3223 scrutabitur.
571 3157 637 3222 Hoo
662 3157 765 3246 solum
795 3159 827 3221 in
859 3156 913 3222 illa
936 3158 1074 3242 ealigine
1104 3155 1239 3242 dispicio
1258 3180 1289 3221 τι
1314 3175 1500 3240 expungen·

313 3260 391 3328 dum
425 3281 495 3328 esse
530 3269 561 3328 et
593 3263 705 3347 utique
739 3264 869 3327 νικῶντνν
901 3261 1069 3341 Ὀλύμπιοι
1097 3258 1329 3345 reponendum.
1379 3259 1499 3325 Graeca

313 3373 398 3443 esset
421 3367 524 3432 oratio
554 3367 601 3432 sio
625 3365 846 3432 conformata:
879 3369 933 3432 οὐκ
956 3364 1089 3443 ἀπαξιοῖ
1115 3390 1149 3430 σε
1180 3365 1312 3446 sporcio,
1344 3361 1426 3446 ἔφη,
1457 3389 1498 3429 νν-

312 3478 415 3538 κῶνννν
445 3470 623 3550 Ὀλύμπιον.
672 3469 733 3537 Sed
759 3470 838 3536 nihil
870 3470 954 3557 quod
986 3470 1065 3536 satis
1096 3477 1222 3536 certum
1253 3470 1296 3533 sit
1319 3469 1353 3532 in
1381 3466 1498 3534 talibus

216 3575 219 3579 ’
312 3570 439 3642 definiri
464 3584 569 3663 potest
589 3575 708 3662 absque
732 3576 931 3663 autographo
955 3562 1079 3643 Codice.
1127 3573 1219 3640 Valet
1242 3575 1274 3639 in
1298 3572 1348 3639 nis
1372 3593 1497 3659 quoque

311 3681 562 3750 Archimedeum
586 3680 686 3747 illud:
715 3681 777 3756 Δός
801 3705 853 3762 μοι
877 3686 935 3747 νοῦ
959 3687 1012 3752 eci.

356 3786 462 3854 Redeo
485 3807 571 3854 nune
596 3785 635 3863 ad
658 3785 728 3852 illos
752 3786 861 3863 loom,
888 3786 941 3851 ubi
975 3784 1103 3853 Codicis
1135 3783 1304 3852 lectionem
1328 3783 1495 3869 indiligen-

311 3898 361 3955 ter
382 3899 414 3958 et
435 3893 585 3979 imperite
616 3892 811 3978 descriptam
836 3912 905 3959 esse
937 3892 1095 3978 suspicor.
1143 3891 1197 3956 Bis
1219 3890 1332 3979 ltynas
1361 3888 1494 3955 verbum

310 3995 417 4079 ςέφενν
446 3996 558 4062 intulit
588 3996 644 4062 ubi
674 3998 708 4062 ἐκ
732 4005 790 4064 τῶν
812 3996 1076 4083 συμφραζομένων
1105 4015 1180 4062 vera
1212 3995 1374 4080 scriptura
1408 3991 1496 4057 nullo

308 4103 439 4186 negotio
474 4103 672 4188 quicumque
702 4101 761 4167 hoe
796 4111 871 4188 aget
911 4103 1048 4170 feliciter
1082 4109 1195 4179 eruet,
1231 4093 1426 4185 eademque,
1459 4107 1495 4163 ut

308 4207 478 4292 suspicor,
512 4227 529 4273 e
558 4204 690 4285 Codice,
718 4207 745 4271 si
773 4207 900 4293 quando
919 4208 1129 4294 inspicietur,
1153 4207 1223 4271 sine
1247 4202 1362 4270 mendo
1387 4202 1494 4290 prodi-

307 4309 365 4378 bit.
412 4312 545 4399 Legitur
576 4333 606 4398 p.
631 4315 695 4379 84:
728 4309 777 4386 οὓς
800 4313 824 4378 δ’
848 4313 887 4380 ἂν
917 4313 1035 4396 elmar
1071 4313 1192 4391 ἀγωνία
1220 4309 1327 4377 λεπτοὶ
1348 4311 1406 4388 μὲν
1426 4311 1494 4376 τού·

307 4441 369 4491 rore
393 4419 542 4497 ὑπωνίνν,
566 4420 668 4494 λεπτὴ
692 4419 723 4484 δὲ
745 4418 873 4495 reclinare
897 4419 1023 4503 κνιρδίννς
1049 4420 1115 4486 nri.
1141 4418 1303 4503 lnterpres
1327 4415 1371 4481 nil
1390 4416 1493 4501 suspi-

308 4528 402 4592 catur
425 4525 555 4594 maliet
590 4526 634 4594 ita
656 4524 773 4593 vertit:
810 4525 915 4597 »Coun
945 4524 1001 4615 qui
1028 4531 1100 4592 sont
1118 4544 1197 4611 poor
1221 4522 1303 4590 oinct
1332 4521 1399 4587 diro
1420 4539 1493 4588 eoo·
