3270 5190
800 453 840 514 18

222 624 268 693 lle
292 624 378 693 coelo
401 623 465 692 truc
489 625 617 714 delapsa
650 631 699 691 est
728 623 911 710 Aesculapii
944 623 1007 688 lilia
1039 623 1149 690 'lnod:
1185 643 1289 711 neque
1314 630 1413 691 Ἰοοσθ

223 749 327 816 neque
348 731 511 798 Haeduae
533 732 595 798 buo
618 731 802 818 pertinent,
827 728 882 796 sed
896 729 964 815 ipso
987 728 1174 814 Aesculapio
1187 748 1266 814 opus
1287 737 1335 793 est
1357 731 1413 812 qui

223 832 292 899 loco
316 855 412 918 aegro
436 856 473 903 ac
495 838 656 904 malesano
678 834 858 900 medeatur.
907 833 1071 900 Enrenda:
1095 835 1194 913 θμιοε
1216 835 1247 900 δὲ
1271 834 1415 911 Ἰσθμοῖ

223 940 275 1005 uni
301 946 407 1006 σοιῦτοο
440 946 512 1007 κοτ’
537 941 717 1022 ὀφθαλμοὺς
746 945 802 1013 τῆς
824 937 987 1012 Ἑλλάδος.
1036 938 1115 1005 Male
1140 941 1225 1026 cepit
1249 939 1411 1024 Interpres

222 1043 276 1110 κοοὶ
300 1045 544 1130 redamatque
571 1045 603 1108 iu
637 1043 737 1108 totius
762 1042 913 1109 Graeciae
937 1043 1057 1121 oculis,
1090 1049 1165 1109 noto
1191 1064 1251 1109 usu
1276 1044 1410 1108 dietiun.

222 1148 391 1214 Caeterum
426 1166 486 1232 pro
518 1151 590 1214 κοτ’
630 1148 811 1232 θφθοοῖιμοθς
848 1147 980 1214 Veteres
1014 1148 1192 1215 dixissent:
1229 1149 1412 1214 ἐοοοισίοο

221 1258 280 1319 τῶν
303 1253 459 1330 Ἑλλήνων
484 1253 643 1320 eadivae.
690 1253 788 1318 Deam
821 1254 911 1318 Ἰοοσθ
936 1273 974 1319 ex
1005 1253 1119 1341 Mynae
1143 1253 1275 1319 cerebro
1302 1264 1411 1319 natam

222 1378 292 1424 esse
316 1378 379 1423 non
402 1356 506 1423 solum
531 1357 803 1424 verisimillimum
825 1366 891 1436 est,
916 1357 971 1424 sed
993 1358 1115 1444 liquido
1139 1366 1276 1424 constat.
1304 1358 1410 1439 Quum

223 1465 310 1530 eninr
338 1465 372 1529 in
405 1464 588 1550 apographo
620 1463 760 1530 dedisset
787 1467 918 1544 Ὧμιοε
949 1464 981 1531 δὲ
1013 1471 1133 1530 Ἰοοσοῖ
1159 1472 1267 1550 postea
1301 1483 1410 1528 veram

222 1571 417 1656 scripturam
443 1573 562 1648 Ἰσθμοῖ
591 1571 623 1633 in
656 1589 714 1635 sua
745 1568 886 1636 editione
917 1589 954 1636 ex
987 1569 1102 1637 Codice
1126 1570 1272 1657 protulit.
1321 1569 1411 1649 Quod

222 1673 398 1740 iocularem
422 1693 564 1740 errorem
590 1673 731 1738 correxit
764 1673 955 1751 laudamus,
992 1674 1046 1740 sed
1081 1675 1152 1742 vide
1181 1696 1277 1761 qnam
1314 1676 1413 1761 impe·

222 1780 285 1846 rite
309 1786 341 1845 et
365 1779 565 1864 negligenter
584 1780 617 1842 in
639 1776 859 1864 apographum
881 1778 972 1862 prins
995 1781 1155 1863 receperit
1176 1783 1283 1848 Ἰοοσοῖ.
1331 1780 1411 1846 Nam

222 1884 372 1971 quidest
405 1885 504 1962 ὤμνυε
531 1884 563 1949 δὲ
593 1883 715 1950 Ἰοισοῖθ
763 1882 925 1966 interpres
949 1881 1136 1968 respondet:
1176 1885 1222 1949 »lt
1246 1888 1322 1969 ⁸jura
1352 1908 1413 1970 por

222 1990 254 2056 to
285 1991 389 2056 deesse
417 1989 521 2055 Iaso.’'
568 1988 659 2055 Itane
691 1987 790 2053 vero?
827 1987 987 2052 Bnruorio
1018 1986 1136 2072 dignus
1166 1989 1193 2053 is
1227 2007 1317 2053 error
1350 1999 1410 2055 est.

220 2097 374 2175 Ὀμιθοοοι
405 2096 476 2168 τοὺς
509 2094 591 2169 θεούς
624 2094 782 2161 Graecum
818 2112 886 2157 esse
920 2093 993 2177 quis
1025 2093 1151 2158 nescit?
1188 2094 1296 2166 Ποθοοο
1327 2096 1409 2168 θεοὺς

220 2203 294 2282 θμεῖ
319 2201 380 2278 σός
418 2201 544 2286 quaerit
574 2220 591 2267 e
622 2201 745 2266 rustico
778 2197 926 2262 Socrates
950 2197 983 2261 in
1015 2196 1172 2264 Nubibus.
1225 2197 1305 2263 Nota
1334 2207 1410 2263 sunt

220 2305 431 2374 Menandrea:

401 2409 564 2491 Γλυκὲροο,
590 2410 622 2476 σι’
645 2407 775 2486 nnciam
801 2409 900 2490 ὀμνύω
922 2433 966 2474 σοι
989 2409 1041 2474 cdv
1064 2409 1140 2475 Διόι.

220 2525 252 2584 et
276 2516 352 2582 alibi
376 2516 486 2582 uxoris
510 2515 700 2580 advirum:

740 2619 743 2627 ’
787 2617 903 2699 θμοιιμθ
925 2643 969 2686 σοι
993 2621 1045 2685 τὸν
1067 2617 1175 2685 Ἥλιον

492 2723 510 2801 ἦ
533 2727 593 2804 μὴν
617 2724 756 2791 cinctorio
779 2749 825 2791 σοι
849 2727 977 2810 μομφὴν
1001 2723 1173 2798 naudaeus.

220 2839 252 2900 et
276 2833 349 2920 quis
372 2851 435 2898 non
468 2830 664 2898 Graecorum
695 2851 788 2916 saepe
812 2832 856 2896 ita
881 2831 1009 2897 loeutus
1033 2808 1105 2896 edi?
1154 2829 1327 2915 Utrobique
1351 2832 1409 2916 igi·

219 2947 276 3005 tnr
299 2941 418 3018 Ἰσθμοῖ
448 2936 667 3024 reponendum
692 2945 759 3015 est,
784 2945 816 3003 et
843 2938 1024 3024 appellatur
1047 2939 1082 3003 τὸ
1108 2939 1227 3016 Ἰσθμοῖ
1257 2937 1332 3020 ἱεμθο
1358 2959 1410 3002 no-

220 3052 291 3110 tum
314 3044 455 3130 Neptuni
478 3043 654 3128 templum,
679 3041 763 3128 quod
785 3041 938 3108 describit
964 3045 1139 3109 Pausanias
1164 3043 1205 3110 Il.
1232 3064 1252 3109 1.
1280 3048 1311 3109 7.

265 3146 415 3212 Nondum
436 3168 453 3212 e
474 3146 599 3211 tuendis
624 3147 776 3231 vitiisque
789 3149 997 3213 emersimus:
1023 3151 1237 3235 suspiciosum
1261 3157 1310 3215 est
1334 3175 1411 3232 ποιο-

220 3251 360 3323 sallom
376 3288 422 3298 -
440 3250 538 3328 ὤμνυε
562 3248 694 3330 δημοσίᾳ
716 3250 730 3313 ὂ
753 3286 798 3297 -
821 3251 1018 3331 ἀποδόμενος.
1067 3254 1313 3340 unusquilibet
1335 3281 1411 3337 ποιμ-

220 3356 365 3421 antinoon
399 3354 601 3439 scripsisset,
634 3353 689 3418 sed
714 3353 832 3438 gaudet
857 3356 1088 3439 Philostratus,
1121 3368 1158 3426 ut
1189 3360 1265 3426 alibi
1291 3364 1412 3427 notavi·

220 3481 317 3540 mus,
347 3458 571 3536 θσοοσοιξίοοιςε
608 3460 717 3545 itaque
756 3467 788 3526 et
819 3461 903 3528 harro
941 3461 1056 3530 habeat
1084 3485 1195 3532 secum
1229 3476 1410 3553 servetque.

223 3566 285 3634 Sed
320 3566 398 3652 quid
434 3566 495 3632 sibi
528 3564 598 3631 vult
632 3566 690 3646 μέν
728 3566 759 3631 in
792 3567 898 3635 verbis
931 3570 1122 3652 σεσμοοιιέοοοι
1155 3572 1222 3652 μὲν
1252 3578 1306 3638 σοῦ
1345 3577 1410 3639 θεοῦ

221 3675 274 3742 σοι
294 3672 429 3752 dodra?
477 3671 640 3757 intelliges
668 3674 695 3738 si
718 3693 775 3758 pro
798 3674 881 3756 yon,
907 3675 992 3762 quod
1012 3677 1182 3762 sequitur,
1206 3676 1237 3742 δέ
1262 3698 1411 3764 reposue-

221 3782 279 3847 ris.
326 3781 494 3848 Praeterea
520 3799 670 3866 praesens
694 3781 910 3860 ὁμολογεῖσθαι
936 3780 1105 3846 manifesto
1138 3783 1329 3849 mendosum
1350 3794 1411 3850 est.

222 3886 304 3966 Quid
330 3886 453 3952 diceres
485 3887 512 3951 si
536 3906 592 3971 pro
617 3887 807 3968 σεσροικὲιοοι
834 3889 993 3974 scriptum
1017 3895 1101 3953 esset
1131 3887 1271 3957 σωλεῖιθ
1320 3889 1412 3955 Utro·

221 3990 317 4075 bique
347 3989 525 4076 perlectum
559 3994 740 4058 necessario
771 3993 970 4079 requiritur,
1005 3993 1113 4078 itaque
1142 3996 1189 4060 sic
1217 3993 1410 4079 legendnm:

221 4096 501 4178 carpentoracte
535 4101 588 4163 τοῦ
616 4099 680 4164 θεοῦ
704 4102 756 4165 τὸν
778 4102 905 4179 dorion,
939 4099 1118 4183 τρισχιλίας
1154 4100 1192 4166 δὲ
1221 4101 1411 4180 ὡμολογῆ-

220 4203 309 4272 odoi
334 4205 371 4269 oi.

267 4309 456 4396 Sequuntur
477 4308 539 4375 alia
562 4307 654 4396 peius
676 4310 774 4378 etiam
798 4310 934 4386 vitiata,
960 4311 1078 4396 quibus
1107 4331 1169 4377 non
1200 4331 1272 4378 sum
1303 4332 1409 4378 emen·

221 4415 354 4482 dandis:
379 4415 431 4481 κοιὶ
445 4414 596 4496 ὡμολόγει
621 4421 726 4483 retro
747 4422 882 4501 ῖιοιμπμᾷ
902 4425 940 4498 τῇ
965 4423 1051 4502 <bovi
1070 4418 1163 4497 μηδὲ
1188 4429 1232 4503 τῇ
1253 4422 1412 4500 οὶσοοφεῑ

220 4521 407 4600 bandone.
456 4520 509 4588 Sic
537 4521 650 4589 Editor
683 4521 819 4589 corrosit
851 4521 993 4589 scilicet:
1020 4524 1053 4590 in
1078 4524 1260 4614 apographo
1287 4523 1409 4610 reperit
