3270 5190
808 439 849 500 59

501 608 601 674 ι’ίίλον
626 607 764 688 τοιμίκς,
789 608 889 691 κκιρδς
912 609 943 673 δὲ
967 615 1062 685 κκλεῖ

499 713 611 791 μκκέτι
635 712 775 790 μέλλειν.

229 814 281 879 aab
304 814 427 881 ποίντοιν
452 817 670 900 νίποοχίμενος
694 819 815 891 οίπῆλίε
840 823 892 884 τοῦ
916 817 997 897 βίον.
1047 816 1105 881 Hic
1130 835 1256 901 quoque
1277 816 1327 881 ἐπὶ
1352 819 1415 882 πέι-

228 944 295 994 οιν,
324 928 359 986 ut
387 919 554 998 inludis,
587 941 624 986 ea
656 921 749 986 verba
780 923 1012 1008 pronuntiavit.
1059 919 1224 986 Ludorum
1251 921 1344 985 initio
1376 921 1415 985 si·

230 1023 401 1091 nrillirnunr
427 1048 557 1093 caruren
589 1047 787 1112 apraeoone
819 1027 949 1093 recitari
986 1026 1116 1092 solitum
1153 1024 1251 1090 inisse
1286 1023 1416 1109 colliges

228 1148 266 1194 ex
304 1129 419 1195 Iuliani
452 1132 642 1198 Caesaribus
675 1153 705 1218 p.
733 1136 808 1198 518.
842 1132 878 1196 ll.
922 1130 975 1196 ubi
1011 1131 1190 1199 blercurius
1227 1147 1415 1216 praeconem

229 1253 326 1317 agens
348 1235 392 1300 ita
419 1238 607 1302 renunciat:

496 1343 564 1421 ’Ἃρ
574 1365 641 1422 χει
666 1341 724 1417 μέν
747 1342 832 1418 οίγὼν
855 1347 913 1404 τῶν
937 1339 1093 1408 κοιλλίςονν

501 1442 600 1509 ίοίλονν
624 1444 768 1521 τοιμίοις,
792 1445 893 1524 κοιιρδς
917 1444 949 1508 δὲ
972 1451 1067 1509 κοιλεῖ

501 1548 612 1624 μκκέτι
636 1547 775 1624 μέλλειν,

230 1657 355 1736 etpost
381 1670 480 1735 planca
508 1672 535 1737 p.
562 1657 639 1717 519.
666 1653 703 1715 A.

500 1756 541 1821 ἴτ’
565 1759 595 1830 ές
619 1757 800 1822 ἀντιπάλων
824 1754 930 1824 ίςκτίε
955 1756 1060 1837 κρίσιν.

229 1868 261 1924 et
287 1860 317 1923 in
345 1859 426 1924 lino:

499 1965 580 2039 νίκης
605 1965 636 2029 δὲ
660 1965 748 2038 τέλος
773 1964 844 2038 Ζλνὶ
868 1968 1009 2044 μελήσει.

227 2086 308 2151 quac
331 2069 438 2132 onruia
460 2069 606 2134 lulianus
630 2069 669 2133 ab
694 2068 861 2157 Olympico
884 2089 1041 2155 praecone
1074 2075 1242 2136 mutuatus
1273 2090 1343 2137 esse
1371 2072 1416 2136 ri·

226 2171 331 2236 detur.
381 2172 441 2238 Sed
467 2173 506 2238 ad
533 2173 762 2239 Philostratunr
787 2173 892 2240 redeo.

272 2277 316 2342 lie
348 2277 494 2362 pugilatu
524 2277 668 2344 scribens
702 2298 730 2363 p.
757 2283 815 2356 14,
843 2284 893 2344 13.
928 2280 973 2345 ita
995 2278 1093 2345 dicit:
1119 2278 1179 2344 vovi
1204 2278 1234 2344 δὲ
1261 2277 1301 2345 cd
1323 2275 1415 2359 μεδέ·

226 2408 313 2458 ςκκε.
350 2384 444 2465 ῥινοὺς
478 2383 541 2464 γὰρ
577 2382 731 2448 πιοτοίτον
771 2386 851 2464 βοῶν
883 2381 1041 2467 ἕψοντες
1078 2382 1197 2462 ίμοίντοι
1231 2385 1414 2467 ἐρροίζοντκι

225 2490 371 2553 πνκτικὸν
403 2487 489 2565 ὀξύν,
523 2508 605 2573 quae
633 2489 796 2575 interpres
821 2490 867 2554 sio
894 2490 1009 2556 vertit:
1045 2510 1102 2553 »oo
1126 2490 1187 2576 soit
1220 2490 1348 2556 bouillir
1371 2491 1415 2557 du

225 2593 296 2658 onir
317 2593 356 2659 de
378 2591 474 2660 boeul
489 2592 664 2678 tries-gras,
689 2602 720 2659 et
741 2615 779 2658 on
799 2615 836 2659 en
860 2592 1005 2680 fabrique
1026 2615 1070 2660 un
1092 2602 1178 2660 ceste
1198 2593 1316 2660 effite.”
1341 2596 1413 2661 Ain’

225 2698 321 2764 vero?
359 2696 467 2763 Oculis
492 2699 543 2762 rix
568 2698 663 2763 oredo
693 2700 784 2764 meis.
834 2697 867 2764 Si
891 2699 963 2784 quis
984 2698 1078 2764 vellet
1102 2701 1177 2782 ῥινὸν
1200 2701 1273 2779 βοὸς
1305 2699 1414 2783 έψειν

225 2803 357 2891 perinde
381 2803 530 2888 perderet
554 2823 682 2890 operum
708 2812 804 2888 atque
828 2803 855 2867 is
880 2805 935 2887 qui
965 2804 1133 2889 proverbio
1154 2805 1232 2871 λίθον
1256 2802 1342 2886 ἕψειν
1367 2805 1413 2869 di·

224 2912 322 2974 citur.
370 2907 541 2972 Laboranti
566 2906 758 2972 Philostrato
782 2926 872 2992 opem
900 2905 978 2972 leret
1005 2907 1258 2993 Aristophaneus
1283 2909 1377 2974 Cleon
1398 2913 1412 2975 ὁ

222 3013 437 3096 βοροοδέψνς,
463 3013 555 3077 cuius
579 3020 648 3077 erat
681 3010 864 3096 opificium,
899 3018 934 3075 nt
960 3030 1076 3077 nomen
1105 3015 1213 3099 ipsum
1248 3013 1411 3093 declarat,

222 3121 281 3194 τίις
313 3121 432 3202 βύρπκς
469 3137 532 3182 non
567 3114 654 3199 έψειν
690 3115 744 3182 sed
780 3116 905 3198 δέψειν,
940 3115 971 3181 id
1009 3125 1059 3182 est
1093 3117 1292 3199 μκλοίττειν,
1329 3121 1413 3186 corio

222 3227 359 3312 cleptore.
407 3225 559 3306 Δεψήοκς
593 3242 650 3308 pro
681 3220 833 3301 μοιλοίξκς
864 3222 927 3286 ianr
954 3221 1037 3308 apud
1066 3223 1240 3289 llonrerunr
1266 3226 1411 3290 occurrit

224 3329 337 3420 OdySS.
354 3340 401 3396 M.
424 3333 476 3393 49.
503 3329 587 3409 κιρρὸν
613 3329 784 3410 δεψήοκς
805 3327 966 3406 μελιηδέος.
1001 3329 1183 3393 Praesentis
1200 3329 1283 3409 δέψοι
1306 3350 1411 3396 exent-

224 3437 310 3522 plum
337 3443 383 3501 est
402 3432 485 3519 apud
505 3431 700 3497 Herodotum
715 3433 768 3496 lV.
790 3436 849 3498 64:
874 3435 960 3511 μετκ
980 3434 1011 3498 δὲ
1033 3434 1182 3513 οκρκίσκς
1200 3436 1272 3512 βοὸς
1293 3447 1409 3520 πλευρῇ

222 3543 332 3622 δέψει
362 3550 432 3623 τῇσι
452 3539 564 3618 χερσί·
595 3536 734 3616 ίργοίοκς
768 3537 798 3601 δὲ
822 3538 899 3601 οιὺτδ
922 3534 980 3601 ίίτε
1013 3538 1236 3618 χειρόμακτρον
1268 3537 1409 3615 έκτκτοιι.

223 3647 349 3711 Dicitur
379 3650 488 3709 autern
523 3642 605 3722 δέψει
642 3641 804 3722 δεψήοοις,
839 3650 875 3705 ut
906 3639 970 3724 έψο
1007 3643 1150 3723 idduae,
1185 3643 1410 3731 significatque

221 3750 402 3830 μκλοίττιο,
426 3746 568 3828 ίρνοέζω,
600 3747 694 3822 δεύει,
731 3745 785 3812 sed
811 3755 846 3812 ui
879 3749 976 3822 πκλὸν
999 3746 1140 3828 ίργοίζειν
1164 3755 1197 3813 et
1219 3756 1290 3822 ςοιῖς
1315 3751 1410 3816 δειίειν

222 3855 350 3940 proprie
374 3852 559 3928 dicebatur,
592 3853 637 3917 sic
659 3854 690 3916 in
714 3853 810 3917 coriis
834 3852 937 3934 δέψειν
960 3853 1044 3940 poni·
1060 3852 1202 3932 sciebat,
1229 3853 1313 3920 unde
1335 3858 1409 3939 βνρ·

220 3960 349 4040 σοδέψοιι
375 3968 406 4023 el
429 3958 617 4039 οκντοδέψκι
641 3956 802 4043 appellati.

266 4064 443 4130 Dubitasne
466 4061 506 4127 ad
536 4061 619 4127 hano
651 4061 755 4127 lucem
782 4061 975 4128 Philostrato
1007 4062 1142 4130 reddere
1173 4085 1289 4133 suum:
1316 4068 1411 4150 ῥινοὺς

219 4171 282 4251 pop
304 4169 459 4236 neccoloco
483 4169 562 4247 βοῶν
585 4167 803 4248 δέψοντεςί

276 4275 356 4341 Male
390 4275 511 4360 sprevit
548 4272 659 4338 llditor
687 4294 717 4358 p.
744 4277 806 4344 14.
840 4276 891 4337 16.
926 4273 958 4336 in
992 4271 1116 4339 verbis:
1153 4274 1166 4339 ὅ
1201 4277 1342 4358 νίνοίχειρ
1373 4281 1407 4343 οὐ

219 4380 441 4461 ξυλλαμβάνει
477 4387 540 4453 τοῖς
576 4379 739 4453 δκκτιίλοις
775 4378 810 4444 τὸ
845 4377 996 4453 πλήττειν
1031 4377 1234 4445 verissimam
1272 4382 1407 4468 Kayseri

219 4490 450 4555 correctionem
474 4490 536 4551 τοῦ
571 4482 743 4563 πλήττειν,
769 4483 799 4549 id
826 4481 909 4570 quod
934 4482 1056 4569 pariter
1084 4482 1214 4572 linguae
1238 4485 1408 4572 ingenium
