3270 5190
783 424 824 485 ὅθ

218 597 290 688 (pro
314 598 363 664 δει“
383 593 428 684 δέ)
456 633 496 643 -
521 633 566 642 -—
591 596 620 668 ἐς
646 597 763 674 γνρινδν
791 596 842 661 τὸν
866 594 1003 671 οίθλητην
1031 593 1214 674 βλέψαντες
1239 589 1305 657 κτέ.
1357 590 1415 656 ne·
1495 642 1497 655 .

219 705 274 769 riit
299 701 445 767 funditus
469 699 628 785 protasis,
654 690 800 785 apodosis
824 703 951 784 integra
976 706 1134 784 superest.
1182 697 1311 762 Leviter
1341 701 1416 759 tao·

217 814 287 872 tum
313 806 427 872 affecta
451 812 528 870 sunt
561 824 643 889 quae
675 811 876 889 sequuntur:
912 804 1057 870 Χαλετδν
1089 804 1146 881 μὲν
1178 804 1213 869 τὸ
1248 800 1415 879 ἕνθθροηροα

218 911 270 976 καί
303 914 336 976 οὐ
372 897 503 985 τόντη
546 910 667 993 ῥρίδιον,
703 913 735 976 οὐ
768 912 830 989 μην
870 909 969 992 ττρόσώ
1007 909 1090 997 [γε]
1125 909 1160 973 τό
1192 915 1248 986 τῆς
1284 906 1415 987 τέχνης.

219 1016 383 1083 Emenda:
420 1015 471 1081 καὶ
495 1017 527 1080 οὐ
553 1014 652 1079 nevo
676 1040 713 1081 τι
738 1017 856 1101 ρ’ρθδιον,
880 1014 995 1081 deinde
1018 1012 1054 1079 τό
1078 1031 1234 1098 expunge.
1282 1010 1320 1075 ln
1341 1029 1415 1096 apo·

219 1120 341 1206 grapho
374 1127 423 1185 est
453 1123 485 1186 ui
516 1120 576 1199 μην
611 1119 710 1201 τρόσο
734 1123 770 1187 τδ
802 1128 858 1196 τῆς
889 1119 1015 1200 τέχνης.
1064 1118 1177 1184 Editor
1197 1140 1237 1195 γε
1262 1115 1415 1180 inseruit.

220 1226 339 1291 Recte:
372 1222 426 1290 sed
458 1243 519 1288 non
552 1224 712 1290 intellexit
743 1249 783 1304 γε
816 1226 848 1289 in
881 1225 917 1290 τό
948 1224 1159 1310 depravatum
1194 1220 1306 1287 latere.
1360 1219 1416 1286 Sat

219 1338 295 1396 nota
319 1329 437 1395 locutio
461 1337 511 1395 est
532 1330 627 1412 τόρριο
648 1330 763 1412 τέχνης
788 1338 820 1396 et
840 1330 940 1413 κρόσα
962 1329 1088 1410 τέχνης.
1389 1402 1400 1425 ⁰

265 1435 324 1501 Ubi
346 1433 560 1500 Philostratus
584 1445 774 1523 gymnastoc
803 1435 943 1502 cilicium
978 1433 1132 1501 describit
1167 1451 1239 1518 pag.
1262 1434 1315 1497 58.
1338 1448 1408 1515 gra·

220 1541 372 1606 nissinms
396 1559 488 1604 error
510 1538 550 1604 ab
574 1539 704 1606 Editore
726 1542 919 1607 commissus
941 1541 1074 1605 miscuit
1096 1538 1214 1604 omnia.
1262 1533 1408 1602 Indicabo

219 1647 311 1733 prius
342 1645 410 1711 lene
444 1642 597 1710 mendum
620 1646 652 1710 in
679 1646 965 1731 praecedentibus:
999 1645 1055 1715 ἔςο
1084 1647 1138 1721 δη,
1171 1641 1296 1727 inquit,
1320 1640 1334 1705 θ
1357 1663 1413 1718 γο-

220 1751 341 1833 prasino
366 1751 448 1828 μήτε
472 1749 648 1832 ἀδολέσχης
679 1754 762 1831 μήτε
788 1752 973 1831 ώγώμνκςος
993 1752 1048 1826 την
1073 1751 1245 1829 γλώτταν,
1268 1749 1308 1820 ώς
1332 1745 1414 1825 μήτε

219 1857 255 1923 τὸ
279 1855 399 1935 ἐνεργόν
425 1862 481 1929 τῆς
505 1854 619 1936 τέχνης
650 1857 788 1923 ἐκλώοιτο
813 1860 870 1923 ὑπὸ
891 1864 947 1931 τῆς
972 1857 1163 1938 ἀδολεσχίας
1196 1855 1279 1933 μήτε
1311 1853 1416 1932 οίγροι·

221 1961 340 2042 κότερον
364 1959 504 2042 Φαίνοιτο
528 1962 572 2039 μη
596 1959 650 2037 ξὺν
672 1961 757 2043 λόγῳ
778 1963 934 2042 δρώμενον.
984 1963 1129 2048 Repetite
1152 1957 1272 2048 syllaba
1294 1956 1414 2022 scribe:

221 2064 430 2147 ἀγροικότερον
461 2066 600 2148 φαίνοιτο
627 2065 687 2154 (τό)
713 2070 757 2146 μη
786 2066 839 2144 ξὺν
863 2067 948 2149 λόγῳ
973 2069 1128 2149 δρώμενον.
1177 2064 1215 2128 Ni
1241 2060 1274 2127 id
1301 2061 1415 2128 leceris

221 2170 310 2238 verbi
335 2172 474 2254 φαίνοντο
509 2171 691 2238 subiectum
717 2174 779 2237 erit
802 2173 836 2238 τό
862 2175 981 2254 ἐνεργόν
1006 2178 1062 2245 τῆς
1087 2171 1225 2252 τέχνης,
1252 2166 1337 2253 quod
1360 2165 1411 2232 ah·

158 2295 160 2298 ·
223 2277 357 2343 surdum
383 2284 442 2342 est.
491 2276 664 2360 Eleganter
687 2278 721 2344 τό
747 2279 892 2360 δρώμενον
918 2279 1049 2364 ponitur
1072 2296 1129 2362 pro
1151 2277 1186 2340 τὸ
1208 2283 1265 2351 τῆς
1291 2296 1408 2353 ropro-

222 2391 310 2458 ςικῆς
335 2382 431 2463 ἔργον.
478 2381 600 2447 Deinde
625 2393 815 2470 gymnesiae
851 2385 896 2448 sic
921 2383 1096 2469 praecipit:
1130 2379 1411 2459 Φνσιογνωριονικών

222 2513 257 2553 τε
281 2486 461 2568 ἐπεσκέφθαι
489 2491 608 2552 κτίσαν.
655 2489 750 2553 Τοντί
775 2488 806 2554 δὲ
826 2488 940 2552 κελεθα
961 2488 1012 2553 διόο
1036 2486 1116 2552 τόδε.
1151 2486 1194 2551 lis
1219 2504 1301 2571 quae
1326 2500 1411 2548 nunc

223 2598 404 2676 sequuntur
436 2589 485 2655 iac
520 2590 692 2676 diligenter
723 2594 867 2657 animum
902 2592 1059 2658 attendas.
1116 2591 1207 2655 Prior
1243 2609 1318 2675 pars
1348 2608 1411 2654 uno

221 2704 349 2762 tantum
385 2696 463 2760 vitio
495 2694 638 2764 laborat:
674 2698 777 2763 ταῒδα
809 2699 944 2773 ώθλητην
979 2697 1194 2772 Ἑλληνοδίκης
1229 2695 1286 2774 μέν
1320 2692 1409 2769 end

223 2799 411 2882 οίροφικτώαν
443 2801 650 2882 κρίνονσιν
666 2841 668 2845 -
684 2805 747 2869 cirri
767 2808 825 2868 τών
849 2805 979 2868 τοιώνδε.
1027 2803 1161 2887 Capisnc
1184 2799 1262 2886 quid
1287 2800 1328 2864 sil
1349 2799 1410 2880 κρί·

223 2903 345 2971 νοοσινί
393 2905 480 2970 Fieri
516 2928 578 2972 non
603 2917 706 2993 potest
736 2910 924 2995 nimphe,
960 2926 1097 2992 tranique
1126 2905 1248 2991 liquido
1282 2904 1411 2971 demon·

225 3017 307 3078 strat
328 3008 451 3096 reliqua
477 3032 551 3096 pars
575 3014 634 3079 loci
660 3013 737 3081 haec
761 3014 825 3080 dici
851 3013 890 3079 de
919 3013 1115 3079 athletarum
1145 3011 1313 3095 δοκιμασίᾳ
1346 3011 1412 3076 sive

221 3114 400 3202 probatione
438 3118 624 3202 priusquam
662 3119 701 3184 ad
732 3121 908 3185 certamina
941 3118 1167 3183 admittantur.
1224 3115 1305 3181 Nota
1338 3123 1414 3181 sunt

224 3218 368 3304 exempla
392 3239 504 3285 eorum
529 3242 608 3306 quos
633 3226 802 3288 reiecerint
830 3225 855 3289 οἱ
880 3224 1118 3299 Ἑλλανοδίκαι,
1150 3240 1287 3306 quorum
1312 3239 1412 3285 unum

226 3345 302 3390 ntox
325 3343 520 3410 expromam.
569 3327 603 3391 ln
629 3346 666 3392 ea
689 3329 861 3409 νοκρίνειν
888 3327 994 3393 Ιοοιιιιι
1029 3327 1154 3393 nullum
1186 3325 1321 3403 habere,
1357 3343 1413 3390 ne·

227 3450 289 3517 que
321 3429 352 3495 id
386 3450 442 3516 pro
474 3431 649 3513 δοκιρώζειν
679 3432 727 3497 vel
750 3433 931 3516 βασανίζειν
965 3434 1040 3519 poni
1072 3453 1164 3519 posse
1187 3430 1309 3496 dabunt
1333 3427 1412 3495 mihi

225 3536 415 3620 omnesqui
440 3536 559 3602 Graece
591 3538 709 3603 sciunt.
759 3539 841 3621 Quid
866 3539 968 3624 igitur
997 3537 1166 3622 legendum
1200 3535 1274 3602 est?
1311 3536 1411 3622 Appa-

224 3640 308 3706 rebit
333 3661 370 3706 ex
399 3641 467 3706 loco
490 3642 656 3708 Plutarchi
680 3652 712 3709 et
738 3644 957 3731 Xenophontis
992 3642 1030 3708 de
1061 3641 1171 3707 eadem
1203 3661 1238 3707 rc
1271 3640 1412 3708 scriben-

225 3747 308 3812 tium
333 3746 387 3812 hic
411 3747 443 3811 in
468 3746 640 3814 Hellenicis
664 3748 718 3814 lV.
745 3771 766 3814 1.
793 3754 860 3823 40,
884 3747 936 3814 ille
961 3750 994 3812 in
1019 3747 1157 3832 Agesilai
1180 3747 1246 3811 vita
1270 3765 1339 3833 cap.
1363 3749 1412 3810 tc.
1472 3762 1473 3767 ’

226 3851 420 3917 Plutarchus
444 3853 488 3917 ita
514 3853 649 3920 scribit:
685 3854 797 3936 ηροίσθη
824 3857 958 3929 οίθλητοῦ
982 3855 1090 3925 παιδὸς
1112 3853 1147 3930 ἐξ
1171 3855 1320 3928 Ἀθηνῶν·
1346 3849 1412 3916 ἐπεὶ

225 3956 257 4023 δέ
280 3957 387 4036 μέγας
411 3958 449 4022 ών
472 3958 524 4022 καί
546 3961 673 4039 σκληρός
695 3963 912 4040 Ὀλνμτίασιν
942 3960 1144 4026 ἐκινδύνευσεν
1179 3959 1413 4040 ἐκκριθῆναι

226 4062 428 4142 καταφεύγει
465 4063 536 4143 τορός
568 4063 620 4128 τὸν
653 4069 855 4144 Ἀγησίλαον.
913 4065 1132 4151 Xenophontis
1162 4063 1201 4130 de
1233 4062 1346 4129 cadem
1381 4079 1416 4126 re

227 4166 305 4233 haec
327 4166 423 4232 verba
448 4175 541 4232 sunt:
566 4168 742 4248 ἐρασθέντος
765 4174 860 4238 αὐτοῦ
886 4176 939 4237 τοῦ
972 4169 1133 4243 Εώοίλκονς
1157 4168 1232 4243 νίέος
1255 4166 1415 4242 Ἀθηναίου
1491 4224 1496 4231 .

227 4273 323 4340 στάντ’
358 4274 498 4348 ἐποίησεν
531 4271 611 4348 ione
647 4274 685 4341 όιν
718 4278 757 4343 δι’
790 4281 901 4344 ἐκεῖνον
937 4275 1142 4358 ἐγκριθείη
1178 4275 1214 4340 τό
1247 4272 1351 4343 ςοίδιον
1385 4272 1416 4336 ἐν

226 4379 395 4465 'caepere
425 4381 555 4461 αέγιςος
589 4381 626 4447 ών
657 4389 716 4448 τών
750 4384 878 4448 παίδων.
928 4380 1057 4447 Scilicet
1092 4379 1246 4446 solemnia
1280 4385 1311 4443 et
1344 4395 1416 4442 con·

228 4492 320 4570 cepta
350 4485 443 4553 inea
471 4505 505 4552 rc
537 4485 634 4554 verba
665 4495 741 4556 sunt
774 4485 920 4570 ἐγκρίνειν
950 4494 981 4555 et
1012 4487 1170 4570 ἐκκρίνειν.
1219 4485 1279 4564 Qui
1315 4483 1349 4548 io
1382 4501 1418 4548 ca
