3270 5190
791 419 834 481 30

221 591 353 659 verbum
376 589 590 676 compositum
613 591 875 672 παρακελεύουσα
895 591 1052 678 eleganter
1078 593 1227 678 usurpari
1253 615 1311 681 pro
1337 597 1417 662 sirn-

220 699 296 786 plici
331 696 516 765 κελεύοοοιν.
572 692 635 760 Sed
671 695 853 778 προίττοραοιι
885 718 942 784 pro
976 696 1103 780 προίττοο
1131 706 1308 765 extremam
1344 721 1417 768 esse

219 803 400 869 barbariem
425 810 456 868 er
481 799 582 865 nihilo
609 802 721 866 sanius
744 821 841 887 quam
874 802 999 869 natiuis
1025 804 1180 886 χαίρομαι
1208 803 1255 869 vel
1291 805 1416 871 Borno-

219 911 270 975 vio
294 911 401 976 iudice
425 909 565 974 vincam.
615 906 790 973 Videamus
813 906 891 994 quid
924 909 1085 974 sententia
1119 908 1180 975 loci
1212 909 1337 995 flagitet
1365 911 1416 978 vel

220 1015 374 1100 requirat.
428 1015 472 1078 De
504 1011 634 1077 anneus
668 1012 722 1077 illa
752 1011 817 1078 dici
848 1019 995 1099 apertum
1027 1021 1098 1091 est,
1130 1015 1157 1079 si
1193 1014 1271 1099 quid
1297 1066 1305 1080 .
1334 1066 1341 1080 .
1371 1067 1414 1083 ..

219 1117 504 1202 παρακελεύονταί
542 1136 603 1182 non
638 1115 767 1195 hercle,
791 1116 847 1183 sed
879 1117 908 1184 εί
936 1144 966 1185 τι
998 1119 1290 1200 παρακούοοτιν.
1340 1119 1415 1187 Orn-

220 1226 309 1291 niun]
334 1244 394 1289 usu
421 1224 535 1288 tritum
561 1220 695 1287 verbum
720 1228 769 1288 cst
796 1222 835 1289 de
859 1243 919 1299 eo,
944 1225 999 1311 qui
1023 1245 1083 1289 νοοιι
1108 1235 1153 1289 est
1181 1226 1261 1292 dicto
1283 1227 1415 1293 audieus

219 1339 252 1396 ct
282 1351 342 1394 ιοοοι
373 1329 449 1394 sciis
483 1328 539 1393 loc
563 1327 641 1414 αρίί.
691 1326 781 1394 Servi
815 1348 954 1415 nequam
988 1327 1133 1394 solebant
1165 1337 1225 1397 τῶν
1256 1333 1414 1399 δεσποτῶν

220 1435 425 1516 παρακούειν,
452 1441 487 1498 ιιι
507 1434 540 1498 in
565 1433 789 1519 Aristophanis
814 1434 913 1500 ltanis
935 1454 980 1500 rs.
1007 1439 1083 1501 750.
1135 1433 1290 1521 Superest
1314 1438 1413 1520 προίτ·

219 1563 319 1615 τοιτο,
344 1540 376 1602 in
397 1558 460 1624 quo
480 1539 650 1626 copulandi
674 1538 807 1604 verbum
830 1539 929 1606 latere
952 1539 1039 1606 facili
1069 1541 1196 1626 negotio
1225 1544 1410 1629 perspicies.

220 1645 278 1711 Est
301 1645 404 1730 igilur
432 1643 471 1709 ad
506 1663 640 1709 manum
671 1643 836 1711 leuissima
871 1645 1028 1710 correctio
1063 1643 1158 1711 haec:
1191 1645 1330 1726 μοίςινος
1358 1649 1411 1714 καί

220 1752 263 1832 τῷ
287 1760 435 1833 νυμναςῇ
455 1748 689 1830 παρνρτημένος
711 1748 747 1815 ἵν’
772 1748 801 1814 εί
822 1774 851 1815 τι
877 1750 1083 1832 παρακούουσι
1112 1751 1297 1818 παίοιντο.
1348 1754 1409 1820 ne-

223 1856 310 1940 liqua
336 1856 382 1920 sic
404 1855 523 1921 Gallice
557 1863 746 1921 vertuntur:
780 1853 1060 1941 »L’helldnodique
1090 1856 1195 1923 donne
1219 1857 1275 1923 des
1300 1857 1412 1925 ordres

222 1960 424 2038 inflexibus,
459 1960 616 2047 puisqu’it
645 1970 689 2024 ert
711 1963 784 2046 pret
810 1983 829 2024 α
859 1960 985 2026 οίιιιονοο
1015 1960 1071 2026 des
1101 1962 1179 2047 jeus
1211 1962 1414 2050 olyrnpiques

222 2086 303 2133 ceux
330 2066 385 2151 qui
421 2065 564 2132 reinsent
598 2065 637 2131 de
668 2066 718 2154 s’y
752 2067 964 2131 soumettre.’'
1019 2066 1104 2131 Haec
1136 2087 1262 2152 quoque
1295 2069 1414 2154 quibus

222 2172 311 2238 vitiis
331 2171 474 2237 laborent
495 2170 588 2238 lacile
620 2178 763 2257 apparet.
812 2169 920 2252 Quid?
946 2170 1099 2253 είρνεσίαι
1123 2172 1281 2251 ὀλυμπίαν
1303 2173 1413 2241 crede·

223 2298 296 2344 nius
320 2277 502 2363 significare
538 2277 684 2343 »cliosser
704 2276 760 2342 dos
780 2276 858 2361 jour
887 2276 1154 2364 Olynrpiques?'’
1203 2277 1286 2357 Quid
1311 2278 1413 2364 igitur

222 2384 285 2450 erit
318 2382 476 2461 ὀλυμπίων
499 2381 675 2461 είργεινί
723 2382 792 2447 Nisi
826 2381 908 2448 forte
941 2381 1074 2467 perinde
1107 2388 1155 2447 est
1185 2381 1298 2464 εἵργειν
1323 2383 1413 2449 dieas

222 2507 262 2553 an
287 2487 453 2567 είρνεσίαι.
500 2485 571 2550 Noli
603 2484 733 2551 credere
765 2495 797 2552 et
828 2485 1028 2552 commodam
1066 2508 1191 2554 mecum
1217 2509 1335 2575 quaere
1359 2489 1412 2556 de-

222 2602 374 2679 pravatae
398 2593 578 2677 scripturae
602 2590 869 2656 emendationem.
916 2592 1083 2674 Είρνεοίαι
1108 2594 1271 2679 passivum
1293 2602 1343 2660 est
1366 2593 1412 2660 di·

223 2698 373 2783 citurque
398 2697 436 2764 de
462 2698 501 2761 iis
525 2697 579 2781 qui
605 2695 690 2762 ludis
713 2706 859 2762 creentur
882 2697 929 2763 rel
954 2700 1174 2767 excluduntur.
1224 2699 1337 2784 ltaque
1365 2699 1411 2764 sic

223 2801 409 2868 Philostrati
431 2821 562 2867 manum
585 2803 734 2868 restitue:
759 2804 796 2876 ὡς
818 2803 1170 2884 παραιτουμένοις
1192 2810 1298 2870 ταῦτα
1322 2803 1410 2871 ἕτοι-

222 2931 293 2988 μον
316 2907 474 2986 ὀλυμπίων
498 2907 670 2990 είρνεσίαι,
695 2928 776 2994 qnae
798 2908 974 2994 interprete
997 2928 1058 2973 non
1086 2907 1240 2994 indigent.
1289 2909 1330 2975 Ut
1354 2911 1409 2975 Ln-

221 3013 289 3078 tinc
308 3023 420 3099 porciu
432 3036 532 3099 poena
555 3034 624 3080 esse
645 3013 766 3079 dicitur
785 3033 868 3099 quae
888 3015 997 3080 statim
1018 3013 1135 3079 luenda
1160 3015 1220 3092 sit,
1244 3016 1292 3080 sic
1316 3015 1408 3081 Grac·

223 3137 259 3183 ce
290 3114 409 3196 ἕτοιμον
439 3115 516 3184 εἶναι
547 3120 702 3184 usitatum
732 3129 777 3184 esi
803 3118 920 3185 dicere.
968 3119 1053 3184 Haec
1084 3121 1193 3185 onmia
1214 3119 1278 3185 dici
1301 3119 1338 3185 dc
1363 3139 1408 3185 sc·

223 3222 358 3288 veritate
388 3221 539 3288 Eleorum
569 3224 603 3288 νἰν
634 3223 768 3288 athletos
789 3224 823 3288 in
847 3225 956 3310 aprico
980 3233 1109 3291 estnec
1132 3224 1281 3310 pluribus
1305 3223 1409 3291 vcrhis

222 3335 271 3394 est
295 3347 384 3412 opus.

268 3433 374 3498 Redeo
402 3451 489 3498 nunc
516 3430 555 3497 ad
589 3431 679 3497 illum
711 3431 841 3511 locum,
879 3454 973 3521 quern
1008 3455 1105 3522 supra
1135 3436 1251 3520 attigi,
1284 3436 1323 3502 de
1347 3435 1406 3523 Ly·

222 3540 315 3624 curgi
338 3537 463 3624 legibus
495 3558 528 3625 p.
554 3542 614 3616 ln,
639 3544 669 3606 8.
718 3540 762 3606 nc
793 3541 932 3629 Lycurgi
958 3561 1058 3618 cura,
1094 3550 1129 3608 ut
1161 3540 1267 3607 valida
1296 3550 1328 3607 et
1360 3560 1408 3606 ro·

221 3645 316 3712 liusra
341 3643 444 3730 proles
465 3654 671 3724 nasceretur,
697 3647 865 3712 notissima
883 3645 981 3713 relert
1000 3656 1032 3712 et
1049 3648 1179 3734 opponit
1200 3646 1342 3735 Lycurgi
1366 3645 1409 3712 le-

221 3773 312 3837 gem:
337 3750 557 3833 ρυρινοιζὲοίοον
580 3753 613 3817 αἱ
637 3750 722 3833 κίροίι
744 3752 796 3818 καί
817 3752 960 3818 οίνείσίων
981 3755 1113 3837 δνμοτίρι
1131 3752 1271 3835 τρέχειν,
1295 3751 1409 3820 deinde

221 3858 269 3923 ita
304 3859 427 3942 pergil:
465 3859 539 3940 ὑπὲρ
571 3859 734 3932 εὐπαιδίας
766 3859 862 3934 δήπου
894 3859 947 3925 καί
983 3864 1036 3925 τοῦ
1069 3861 1113 3926 ccl
1145 3858 1259 3938 ἔκγονοι
1291 3859 1407 3939 βελτίω

220 3963 356 4037 τίκτειν,
394 3962 492 4042 ὑπὲρ
526 3967 580 4029 τοῦ
604 3965 744 4044 ἐρρῶσθαι
769 3965 803 4030 τὸ
828 3973 931 4044 σῶμα.
980 3965 1016 4030 ln
1050 3965 1101 4031 his
1131 3964 1257 4031 Editcri
1288 3965 1408 4030 mirum

220 4067 298 4154 qnid
334 4066 472 4133 accidit:
508 4068 636 4134 vitiavit
668 4069 793 4136 Codicis
826 4072 1031 4137 sanissimam
1069 4069 1262 4148 lectionem,
1294 4069 1409 4136 deinde
1457 4116 1461 4124 .

220 4173 325 4240 locum
352 4172 438 4238 ultro
458 4192 476 4238 a
500 4194 535 4238 se
559 4183 747 4260 corruptum
767 4183 855 4243 recte
878 4179 1002 4263 accepit
1026 4184 1058 4242 ct
1076 4175 1155 4243 bene
1176 4177 1284 4243 vertit.
1333 4177 1409 4243 Ver·

220 4280 262 4345 tit
284 4280 369 4346 enim
395 4279 462 4345 sio:
498 4279 580 4345 »alin
606 4280 738 4366 qu'elles
769 4282 857 4348 aient
887 4282 943 4348 des
974 4281 1100 4348 eniants
1131 4283 1204 4348 hieu
1241 4282 1340 4359 laits,
1378 4289 1409 4349 et

220 4385 353 4472 qu'clles
377 4393 514 4452 mettent
538 4405 579 4452 au
604 4385 719 4452 monde
743 4406 807 4452 une
831 4387 997 4455 meilleure
1022 4389 1252 4475 progenitore,
1283 4388 1410 4454 αίίοοοοίιι

220 4512 279 4575 quc
302 4491 371 4558 lcnr
391 4513 504 4580 propre
524 4513 612 4580 corps
636 4514 705 4558 seru
730 4493 827 4579 sort.”
874 4491 956 4560 lltud
980 4495 1086 4582 ipsurn
1116 4495 1332 4563 Philostratus
1355 4514 1407 4559 vo·
