3270 5190
800 410 840 474 hd

222 584 284 649 tori
311 583 341 648 in
368 590 508 650 mentem
531 583 655 651 venerit
677 602 777 671 quum
813 603 843 670 p.
867 587 931 659 lt,
957 585 988 646 8.
1025 579 1064 646 ad
1089 581 1289 660 Ἀγνοεθσθον
1314 598 1408 667 appo·

222 697 329 754 noret:
366 688 664 777 (θννοείσθωσιινῖ).
720 687 935 752 Philostratus
967 685 1081 772 ubique
1108 683 1209 751 forma
1245 685 1342 771 proba
1376 693 1408 751 et

220 793 327 859 Attica
347 797 471 874 utitur,
496 815 578 881 quae
603 793 863 880 frequentissimo
885 794 920 858 in
939 791 998 857 hoc
1022 789 1104 855 libro
1129 791 1285 868 recurrit,
1310 790 1406 856 etiam

220 897 253 960 in
279 897 497 984 perlectorum
522 899 655 977 formis,
680 899 777 965 ueluti
808 919 836 985 p.
852 902 915 976 dh,
944 901 1004 962 18:
1028 896 1180 974 θνιονιςοιὶ
1204 919 1408 961 νοιτεσκεν·

220 1000 341 1068 οὶσθων
377 1013 409 1069 et
444 1013 516 1090 post
551 1025 673 1091 pauca:
709 1005 860 1086 ιέριςίνδιιν
895 999 1179 1082 συντετάχθων.
1237 999 1289 1065 Sic
1325 989 1408 1065 dixit

220 1128 251 1193 p.
273 1113 335 1187 86,
361 1114 399 1176 7;
434 1110 722 1194 οξκροχειριζέσθων,
756 1118 787 1176 et
810 1117 1024 1197 postpauca:
1057 1108 1082 1172 εἰ
1104 1106 1135 1172 δὲ
1159 1104 1284 1185 dialyton
1307 1105 1408 1172 κυλίε-

219 1215 288 1279 σθοιι
326 1215 562 1283 κνλιὲσθιιν.
605 1223 637 1282 et
676 1237 706 1301 p.
731 1219 796 1290 88,
829 1218 870 1279 8:
908 1214 981 1293 ὑπὲρ
1025 1211 1178 1284 νουθεσίαις
1220 1209 1408 1292 νομοιιζέ·

220 1319 334 1396 σθον,
358 1329 390 1385 et
418 1319 490 1384 aliis
513 1318 604 1384 loeis.
654 1316 764 1384 Obiter
787 1316 923 1382 eruenda
947 1319 1067 1401 p.·70‚
1095 1320 1156 1380 15:
1180 1321 1286 1381 τοῦτο
1316 1317 1408 1397 εἰρή-

220 1426 317 1488 σθων
348 1425 407 1489 νυνὶ
440 1421 506 1503 περὶ
541 1421 698 1502 κροθσεοις,
731 1423 796 1486 imo
825 1441 900 1486 vero
918 1421 1053 1502 εἰρήσθω.
1101 1420 1208 1486 Etiam
1232 1421 1264 1484 iu
1294 1421 1409 1485 activis

220 1528 437 1592 Philostratus
469 1526 595 1592 nonnisi
631 1525 739 1611 probis
770 1525 882 1592 lornris
910 1526 1015 1591 ulitur
1047 1525 1078 1589 in
1103 1524 1207 1590 -θντων
1233 1532 1264 1590 et
1296 1524 1408 1590 -οὶντων

222 1631 428 1696 exeuntibus.
479 1628 539 1695 Sed
561 1630 674 1718 Mynae
698 1631 843 1696 socordia
867 1631 997 1717 irrepsit
1023 1628 1098 1699 ἔτιον
1123 1650 1152 1715 p.
1172 1635 1233 1706 er,
1257 1633 1296 1696 6:
1330 1639 1408 1710 Κοιρ·

222 1738 272 1801 τοὶ
295 1737 327 1801 δὲ
352 1738 479 1818 πήχεων
501 1737 527 1800 ον’
550 1734 608 1813 μὲν
637 1735 746 1816 (lapsis
777 1735 938 1817 βιιρῦτεροι
970 1734 1058 1804 ἔτιον
1090 1734 1260 1813 πλήττειν,
1293 1733 1327 1798 in
1350 1733 1407 1799 Co-

221 1839 292 1905 dice
325 1841 437 1925 opinor
460 1838 631 1924 aliquando
664 1847 830 1925 repertum
857 1842 897 1906 iri
922 1840 1083 1921 βαρύτεροι
1108 1831 1150 1913 ἕξ
1173 1840 1215 1904 τὸ
1245 1839 1407 1915 τλθττειν.

219 1945 333 2032 Mynae
356 1945 388 2009 in
417 1943 476 2008 hoe
501 1964 618 2028 genere
643 1952 674 2010 et
699 1944 753 2010 alii
777 1965 903 2012 errores
936 1954 1012 2010 sunt
1036 1952 1068 2010 et
1099 1965 1128 2031 p.
1154 1948 1216 2021 bt,
1241 1949 1272 2010 e.
1309 1945 1407 2020 δοκείν
1499 1935 1503 1940 ’

219 2047 311 2115 etad
338 2069 368 2135 p.
392 2053 454 2128 56,
482 2054 534 2113 17.
565 2053 712 2115 κοιτιοῖσιν
737 2059 768 2115 et
792 2052 885 2132 ἰσχὺν
920 2050 1113 2132 luvovici
1149 2050 1181 2114 in
1207 2048 1407 2135 supplemen-

218 2161 273 2232 to,
306 2153 391 2239 quod
421 2152 460 2218 de
484 2173 543 2218 suo
565 2163 767 2220 commentus
799 2163 858 2220 est.
906 2156 1011 2240 Ipsius
1042 2154 1184 2219 Editoris
1217 2174 1319 2219 unum
1354 2155 1407 2220 ad-

218 2257 305 2324 dam.
353 2257 487 2343 Legitur
522 2278 552 2343 p.
575 2263 638 2325 56:
664 2261 715 2325 τὸν
740 2259 800 2325 vido
824 2260 850 2324 εἷ
874 2261 931 2337 μὲν
954 2260 1104 2324 τεθνεῶτοι
1128 2261 1325 2327 οἱκούσειιι
1358 2262 1407 2328 arl-

218 2387 348 2441 ςενσον,
380 2364 405 2428 εἰ
431 2364 462 2428 δὲ
484 2363 656 2443 ἡττώμενον
681 2365 798 2433 dulcor.
847 2363 912 2428 Hoc
947 2382 1022 2428 vero
1055 2372 1125 2443 est,
1160 2374 1196 2430 ut
1227 2366 1340 2432 Graeci
1364 2366 1408 2430 iu·

219 2476 355 2546 eantur,
378 2471 415 2542 ὠς
441 2469 491 2534 ἐτ’
515 2467 750 2549 Ἀγαμέμνονος
780 2468 991 2547 διοιλένεσθοιι.
1039 2469 1177 2537 Homero
1210 2471 1262 2538 ius
1286 2480 1334 2538 est
1360 2472 1407 2538 di·

220 2593 313 2641 cere:

354 2684 459 2746 τοιῦτοι
483 2681 513 2747 δὲ
538 2679 591 2746 κοιὶ
616 2680 701 2761 narb
725 2682 992 2748 adnunciandum
1016 2679 1222 2749 ἀθανάτοισιν.

262 2783 479 2864 Philostrato,
511 2795 547 2852 ut
573 2788 708 2872 opinor,
732 2807 794 2851 nou
828 2787 926 2862 licet,
964 2787 1016 2852 cui
1045 2788 1170 2853 ἀκούσει
1199 2797 1269 2854 erat
1298 2789 1408 2856 dieen-

219 2890 307 2957 dum.
356 2892 476 2959 Taedet
500 2891 566 2959 lere
593 2891 668 2957 talia
692 2891 845 2958 refutare.
893 2892 995 2972 Quam
1019 2892 1100 2957 nihil
1132 2893 1215 2958 scire
1245 2893 1409 2960 videretur

219 2997 282 3063 tiro
306 2998 361 3083 qui
386 2998 448 3063 ista
473 2996 700 3075 contunderet,
725 2998 809 3083 apud
836 3017 892 3063 nos
916 2996 1066 3083 quidem:

490 3104 544 3190 qui
567 3102 675 3168 Musca
699 3103 829 3168 colimus
853 3103 1031 3168 severiores.

264 3207 299 3276 ln
326 3206 394 3284 his,
419 3208 618 3294 quaeadhuc
642 3210 885 3287 recensuimuS,
909 3207 1021 3273 lorrnis
1043 3217 1100 3275 arrt
1123 3210 1245 3277 vitiosis
1263 3212 1406 3280 arrtolirn

219 3311 389 3390 obsoletis,
425 3335 505 3400 quas
536 3313 705 3380 Editorum
733 3316 905 3381 oscitantia
938 3315 1131 3382 Philostrato
1156 3315 1319 3395 affricuit,
1352 3327 1409 3384 aut

219 3419 286 3484 sola
310 3419 499 3485 Graecitatis
524 3420 694 3484 sinceritas
716 3418 857 3486 laeditur
880 3430 937 3485 aut
968 3419 1083 3486 leviter
1115 3429 1239 3487 tantum
1274 3423 1407 3509 impedi-

219 3531 276 3588 tur
299 3521 470 3589 rerborum
494 3523 717 3608 intelligentia.
766 3523 943 3590 Sublicirun
965 3523 1017 3591 bis
1038 3523 1142 3591 locurn
1166 3525 1221 3591 uhi
1245 3526 1315 3613 ipsa
1338 3548 1407 3594 seu·

219 3629 322 3694 tentia
346 3649 479 3716 prorsus
503 3637 615 3695 estex
639 3627 872 3694 eiusdemmodi
904 3650 1013 3697 errore
1045 3629 1261 3717 pessumdata.
1309 3632 1408 3719 Repe·

219 3739 286 3798 tarn
311 3743 343 3800 et
368 3755 455 3801 nunc
479 3755 546 3800 rem
569 3733 664 3820 paulo
697 3733 816 3814 altius,
848 3744 884 3800 ut
916 3735 1028 3802 eadem
1060 3754 1156 3821 opera
1183 3734 1323 3822 reliquas
1345 3737 1407 3803 loci

219 3839 364 3906 maculas
387 3842 580 3926 abstergam.
627 3840 761 3925 Legitur
783 3861 815 3927 p.
837 3845 903 3920 90,
932 3847 994 3909 14:
1025 3844 1189 3922 ’Ἔλεγχος
1222 3842 1253 3907 δὲ
1276 3849 1406 3909 σῶντε·

219 3944 338 4026 radten
361 3984 407 3996 —
430 3946 482 4011 acl
508 3950 525 4024 ἡ
550 3946 599 4012 tat
624 3948 740 4040 Γερννῷ
774 3949 816 4028 τῷ
847 3956 990 4030 τοιλοιιςῇ
1026 3946 1273 4029 propatula,
1307 3945 1342 4015 οὗ
1372 3949 1408 4016 τθ

220 4059 309 4130 σῆμιι
330 4053 489 4129 Ἀθήνησιν
513 4053 543 4117 ἐν
577 4051 663 4137 δεξιᾷ
687 4061 743 4128 τῆς
778 4051 1039 4119 Ἐλενσῖνοθδε
1072 4055 1148 4119 ὀδοῦ.
1195 4053 1409 4140 Recipiendae

221 4155 306 4221 eninr
345 4164 421 4222 sunt
452 4156 512 4222 hae
547 4142 699 4224 lectiones
733 4177 771 4222 ex
796 4157 977 4224 Monacensi
1010 4158 1091 4224 libro
1122 4179 1179 4245 pro
1203 4160 1344 4241 οἱμιιρτίοι
1377 4167 1409 4225 et

220 4269 277 4337 τῆς
302 4261 333 4334 ἐς
358 4263 525 4328 Ἐλευσῖνι
560 4263 636 4328 θοοῦ.
684 4261 802 4328 Mabrm
836 4262 980 4340 laetum,
1013 4263 1097 4348 quod
1127 4283 1184 4327 nos
1216 4264 1410 4330 incaeteris

220 4363 370 4431 destituit
403 4365 506 4433 bonus
541 4367 645 4443 liber,
682 4388 821 4455 namque
856 4368 976 4434 habent
1004 4367 1181 4434 Minoideae
1217 4370 1410 4435 temeritatis

220 4469 394 4538 manifesta
419 4470 538 4540 indicia
564 4472 664 4542 llaec:
700 4476 920 4558 Νοινιιροιτθτνς
946 4477 1001 4556 μὲν
1025 4476 1087 4559 γθιρ
1109 4470 1141 4549 ἦν
1165 4471 1250 4550 οὗτος
1276 4474 1327 4541 acl
1351 4481 1409 4540 τῶν
