3270 5190
107 606 254 673 lectionis
277 604 528 692 discrepantiam
561 608 749 692 cognoveris
772 604 989 690 vocabuloque
1013 613 1069 671 aut
1089 607 1207 674 omissa
1237 617 1293 674 aut

108 710 147 776 de
171 710 271 776 nihilo
295 711 506 798 interpolata,
538 711 628 777 dabis
654 711 732 777 mihi
758 710 989 776 Philostratum
1020 730 1056 776 ex
1091 712 1157 797 ipso
1192 713 1293 778 Pbilo·

108 823 209 881 strato
245 816 408 883 sublatum
445 836 515 883 esse
550 824 582 882 et
609 817 648 882 de
672 837 752 881 novo
784 815 997 882 intercidisse.
1044 814 1211 900 Pagae,
1239 822 1292 884 19.

108 923 140 986 in
165 922 348 1009 apographo
371 924 484 1012 biynes
511 923 649 987 inseruit
672 921 724 986 κω)
749 921 899 999 ἀνειμένον
922 925 1068 998 μᾶλλον,
1100 921 1132 985 in
1156 920 1295 987 editione

107 1046 145 1092 ea
168 1027 330 1104 resecuit,
363 1026 419 1093 sed
449 1026 577 1100 ἐοικότες
611 1024 824 1112 interpolavit.
873 1025 1010 1092 Dederat
1036 1028 1100 1102 66,
1125 1031 1155 1091 li.
1191 1051 1294 1106 μεγω·

107 1130 242 1212 atram,
269 1131 353 1197 unde
374 1131 486 1198 Editor
514 1131 737 1212 μεγκλάςερνον
771 1132 914 1217 recepit,
948 1131 980 1194 in
1013 1128 1154 1197 editione
1183 1131 1296 1219 Myrtus

107 1236 277 1301 substituit
300 1237 550 1319 νὶσφωκέςερνον,
575 1245 757 1301 monstrum
783 1235 940 1302 vocabuli.
990 1233 1061 1320 Seq.
1087 1255 1182 1303 versu
1207 1239 1295 1320 ἀφω-

107 1349 167 1414 νεῖς
191 1340 343 1418 dederat,
364 1341 478 1407 deinde
501 1348 625 1406 mutata
649 1341 809 1406 sententia
832 1340 973 1422 ἀφειδεῖς
1002 1338 1113 1405 edidit.

294 1447 369 1522 Quis
393 1446 468 1511 boec
486 1455 588 1532 potest
610 1444 736 1522 videre,
760 1444 830 1529 quis
851 1453 952 1530 potest
972 1444 1067 1530 poti?

155 1548 245 1630 Quod
283 1549 427 1614 dicebam
464 1549 497 1613 in
530 1548 693 1614 nonnullis
723 1567 831 1612 sanam
865 1555 897 1613 et
927 1548 1085 1633 integram
1119 1550 1297 1616 sententiae

109 1664 233 1740 partem
260 1653 361 1719 veluti
386 1673 484 1720 manu
509 1652 626 1720 ducere
652 1654 692 1718 ad
714 1653 911 1739 reliquorum
936 1652 1214 1734 emendationem,
1238 1655 1297 1722 hu-

111 1760 161 1824 ius
190 1761 238 1824 rei
269 1758 470 1825 luculentum
505 1766 734 1844 argumentum
764 1766 795 1823 et
825 1756 1006 1844 exemplum
1036 1768 1141 1825 exstat
1175 1780 1207 1846 p.
1232 1764 1296 1825 68,
1368 1831 1369 1834 Ἴ

113 1869 170 1940 10,
195 1864 249 1928 vrbi
274 1864 355 1929 mihi
385 1864 520 1948 contigit
553 1883 661 1929 veram
685 1870 717 1928 et
740 1863 914 1948 genuinam
944 1864 1139 1949 scripturam
1167 1886 1206 1931 ex
1227 1866 1296 1954 tuy-

110 1990 170 2035 nae
192 1969 395 2056 sterquilinio
419 1968 616 2053 exsculpere.
665 1967 797 2033 Editur:
822 1969 894 2048 nep>
916 1969 973 2046 μὲν
997 1969 1031 2044 δὴ
1054 1969 1197 2048 σώματος
1222 1973 1297 2037 cive·

108 2075 244 2152 topica,
277 2075 329 2140 uoci
354 2072 557 2139 circumdabo
587 2073 723 2152 βελτίων
754 2072 857 2138 alcao‘
886 2073 1013 2138 τοιόσδε.
1060 2076 1132 2140 Εἰσί
1161 2099 1219 2142 που
1243 2076 1296 2142 aab

109 2180 216 2246 ararat
252 2179 422 2257 avorum
456 2179 544 2260 napa
566 2187 629 2252 τοῖς
656 2178 700 2255 μὴ
724 2175 778 2253 ξὺν
808 2176 893 2259 λόγῳ
923 2178 1151 2257 δνεσκεμμένονς
1180 2187 1296 2247 ruico.

110 2284 182 2366 Περὶ
207 2286 239 2350 δὲ
262 2285 416 2366 κράσεως,
449 2283 543 2349 πόσων
567 2281 660 2360 εἰσὶν,
692 2281 762 2346 οὔτε
786 2282 965 2363 ἀντείρκτωί
995 2307 1052 2348 που
1078 2282 1148 2348 οὔτε
1171 2286 1298 2351 civriac-

110 2391 199 2472 χθείκ
225 2389 263 2455 obv
286 2390 321 2454 τὸ
345 2391 389 2467 μὴ
412 2391 466 2454 οὐκ
494 2389 599 2470 vicicco
626 2386 760 2469 κρωσεων
784 2388 839 2462 τὴν
864 2389 973 2469 θερμήν
997 2413 1033 2454 τε
1055 2389 1107 2454 oct
1134 2391 1231 2473 appan
1257 2388 1298 2455 εἶ-

111 2520 171 2562 vav.
220 2494 322 2575 Quam
357 2493 423 2558 sint
452 2491 531 2558 haec
565 2491 749 2558 ioculariter
779 2490 941 2578 descripta
972 2501 1003 2559 et
1031 2496 1207 2581 composita
1236 2504 1298 2563 sta·

111 2601 171 2667 tim
201 2597 366 2685 apparebit
399 2596 454 2663 ubi
488 2617 596 2663 veram
633 2596 804 2663 lectionem
840 2617 914 2663 cum
949 2600 1020 2664 istis
1052 2603 1298 2687 comparaveris.

113 2706 277 2791 interpres
308 2703 396 2769 nulla
428 2701 617 2768 difficultate
652 2701 829 2787 impeditur
858 2723 921 2789 quo
950 2706 1059 2769 minus
1086 2705 1165 2772 haec
1199 2707 1298 2792 quali-

113 2829 253 2895 cumque
288 2807 381 2874 modo
414 2809 446 2872 in
479 2827 658 2873 sermonem
693 2806 851 2873 Gallicum
887 2816 1061 2874 convertat.
1116 2811 1161 2877 Nc
1192 2812 1299 2878 δεκτκὶ

113 2916 281 2993 avannaci
304 2912 433 2999 quidem
456 2912 485 2978 ei
509 2931 633 2977 moram
662 2910 829 2976 obiiciunt.
877 2911 961 2977 Audi
986 2913 1063 2999 quid
1088 2914 1193 2994 dicat:
1230 2916 1300 2980 »On

111 3031 186 3109 peut
212 3021 297 3086 aussi
326 3018 500 3104 opprcodrc
532 3016 686 3102 quelques
717 3017 826 3100 signes
859 3016 897 3083 de
927 3037 980 3084 ces
1009 3019 1170 3105 analogies
1196 3022 1300 3087 mevne

115 3126 232 3212 aupres
257 3125 294 3191 de
319 3145 400 3190 ceux
423 3123 478 3209 qui
501 3123 626 3187 troiteot
649 3122 687 3186 dc
716 3132 762 3187 cet
791 3133 841 3187 ort
865 3145 937 3189 scor
961 3125 1135 3191 malbodc.'’
1182 3127 1300 3194 Δεκτδν

115 3233 218 3319 igitur
243 3232 271 3297 ei
292 3239 342 3297 est
365 3228 449 3316 quod
473 3227 641 3313 abaliquo
663 3228 781 3315 accipi,
813 3227 844 3293 id
868 3237 916 3295 cst
937 3229 1033 3309 disci,
1058 3238 1181 3317 potest,
1204 3241 1236 3298 et
1258 3233 1301 3299 le·

116 3337 189 3425 pide
209 3358 243 3402 se
265 3337 386 3402 tinnitu
408 3334 577 3400 verborum
600 3332 761 3418 expedivit
780 3355 881 3419 quum
906 3335 1035 3402 deberet
1058 3335 1184 3404 dicere:
1208 3338 1301 3403 ctiam

116 3443 156 3508 ob
179 3443 219 3508 iis
242 3444 295 3528 qui
323 3451 424 3507 ortem
446 3440 584 3505 nesciant
607 3439 751 3504 vvonvrilu'l
772 3440 849 3505 disci
869 3461 969 3524 posse.
1017 3443 1108 3509 Mitte
1131 3444 1210 3510 baec
1234 3465 1300 3510 orn·

118 3549 172 3614 nia
194 3557 230 3614 ut
251 3567 360 3613 reram
390 3545 559 3611 lectionem
591 3563 720 3609 mecum
752 3544 935 3629 investiges.
984 3547 1128 3613 Primum
1156 3551 1301 3616 omnium

118 3674 183 3719 uno
213 3662 325 3719 tenore
356 3647 687 3728 continuandasunv
719 3651 847 3727 onxrria,
882 3672 964 3736 quae
996 3653 1110 3719 Editor
1143 3653 1302 3722 trifariam

118 3759 294 3833 dissecuit;
326 3755 442 3824 deinde
473 3755 535 3821 duo
566 3762 695 3820 tantum
727 3756 806 3821 vitia
842 3757 974 3835 insunt,
1011 3759 1147 3825 alterum
1180 3760 1302 3827 levissi-

119 3885 208 3930 munr
227 3866 260 3928 in
284 3864 390 3930 verbis
413 3863 480 3944 περὶ
505 3861 536 3925 δὲ
556 3859 736 3942 κράσεως
759 3861 884 3928 πόσων
910 3864 984 3930 εἰσίν
1006 3884 1063 3949 pro
1087 3866 1152 3946 accpi
1174 3867 1205 3932 δὲ
1227 3866 1303 3949 apci-

119 3969 324 4037 scoriadam
347 3968 444 4045 εἰσίν,
478 3966 616 4032 alterum
639 3967 866 4050 gravissimum
902 3969 935 4033 in
958 3969 1062 4036 verbis
1090 3971 1196 4037 texeat
1229 3973 1304 4039 civo·

119 4077 246 4155 κννίων,
282 4073 366 4160 quod
396 4081 466 4138 atra
501 4070 638 4155 caligine
668 4071 853 4138 obscuravit
888 4076 1006 4140 omnia.
1063 4076 1305 4144 Constituamus

119 4184 261 4269 primum
283 4187 408 4246 caetera
433 4180 465 4242 in
497 4176 583 4243 hunc
612 4180 759 4244 modum:
794 4180 866 4262 Περὶ
891 4183 947 4260 μὲν
971 4182 1007 4256 ab
1027 4183 1170 4261 σώματος
1194 4186 1304 4250 dvcto·

121 4288 195 4366 γίως
227 4286 279 4352 ucri
305 4285 367 4351 εἴτε
394 4285 421 4372 (ὁ
446 4281 640 4371 addendum)
665 4284 781 4350 τοιόσδε
804 4287 939 4364 βελτίων
964 4287 1026 4353 εἴτε
1050 4289 1064 4351 ὁ
1085 4286 1222 4366 vovobis,
1248 4291 1307 4356 aiot

120 4417 179 4458 που
203 4392 255 4459 xci
282 4389 400 4480 (δεκτκὶ
425 4387 606 4476 ἀναλογίαν)
633 4389 718 4471 capa
738 4399 802 4462 τοῖς
824 4392 869 4470 μὴ
893 4391 948 4468 ξὺν
970 4393 1054 4475 λόγῳ
1078 4393 1306 4474 δνεσκεμμένως

121 4505 246 4576 τωῦτκ,
279 4496 346 4579 περὶ
378 4496 409 4560 δὲ
441 4494 574 4576 κράσεων
599 4493 708 4561 ὁκόσων
742 4495 816 4561 εἰσὶν
840 4495 909 4563 οὔτε
941 4499 1120 4581 accatucci
1149 4524 1206 4566 κον
1237 4501 1306 4568 οὔτε
