3270 5190
916 453 958 515 22

388 625 478 710 Quod
496 625 589 694 modo
612 625 795 694 audivimus
817 624 1048 693 Philostratum
1067 626 1243 693 dicentem:
1268 627 1404 707 γυμνοὺς
1424 629 1531 694 κατα

341 733 479 799 ταῦτα
510 741 573 807 τοῖς
602 735 825 816 είλνίεροῦσιν,
855 719 887 798 et
911 733 1062 814 αρίσειλοι
1087 732 1218 811 κείμενοι
1258 736 1362 800 κατα
1393 735 1532 800 ταυτα

341 846 405 911 τοῖς
428 838 612 917 ὀπτωμέναις
647 838 799 927 (namque
829 835 889 902 hoc
914 838 945 902 in
972 838 1040 924 ipso
1064 837 1177 903 Codice
1209 847 1374 924 repertum
1410 841 1452 905 iri
1478 859 1532 904 su·

340 944 447 1029 spicer
477 965 535 1031 pro
560 945 668 1030 inepta
690 943 852 1028 scriptura
882 941 1083 1029 decapitare)
1110 943 1142 1008 in
1167 945 1355 1011 memoriam
1382 944 1461 1010 mihi
1482 964 1533 1011 re·

339 1059 434 1116 vocat
456 1049 585 1128 locum,
611 1051 704 1116 onius
728 1045 985 1115 emendationem
1018 1046 1132 1114 Editor
1163 1057 1250 1115 reete
1279 1052 1441 1130 instituit,
1475 1049 1533 1116 sed

341 1172 404 1217 non
428 1152 572 1239 perfecit.
620 1155 657 1221 ln
686 1152 868 1242 apographo
892 1160 941 1218 est
965 1172 998 1238 p.
1022 1156 1082 1219 64:
1106 1155 1132 1220 οἱ
1161 1156 1192 1220 δὲ
1218 1154 1410 1244 (ἱμαντώδεις
1434 1155 1533 1230 σίδαν-

340 1257 407 1346 ταὶ)
432 1259 526 1336 μανοί
549 1258 584 1324 τί
607 1262 664 1326 είσι
689 1259 741 1326 καί
771 1257 922 1339 οίνειμένοι
954 1261 1078 1336 μᾶλλον
1104 1258 1157 1324 καὶ
1189 1261 1272 1343 ὑγροί
1302 1257 1374 1339 ίίμα
1405 1261 1435 1326 ἕν
1459 1270 1533 1334 ταῖς

341 1371 540 1448 αεριςροφαῖς
563 1364 614 1430 τα
638 1372 741 1432 νῶτα
766 1371 829 1438 τοῖς
861 1363 1031 1442 μοίσίιινσι.
1080 1365 1178 1430 Recte
1199 1385 1257 1452 pro
1282 1367 1324 1432 τα
1349 1373 1430 1433 νῶτα
1455 1365 1531 1432 sub·

340 1469 448 1534 stituit
472 1471 515 1537 τα
541 1471 644 1550 αὐταί,
674 1469 729 1538 scd
764 1490 826 1536 non
861 1471 942 1535 satis
974 1476 1032 1535 est.
1081 1470 1233 1537 Rescribe
1263 1473 1366 1537 κατα
1400 1472 1532 1538 ταῦτα

339 1581 403 1648 τοῖς
428 1574 609 1654 paccata,
633 1595 708 1640 nam
733 1576 779 1641 sic
811 1573 941 1640 demum
974 1573 1171 1659 significabit
1209 1576 1355 1662 »souples
1380 1574 1460 1642 dans
1485 1576 1533 1642 les

339 1689 562 1746 mouvements
584 1701 701 1746 comme
725 1679 781 1745 des
810 1680 1007 1745 conrroies”

384 1784 479 1850 Κατιί
515 1783 625 1851 eodem
661 1784 753 1850 modo
787 1784 969 1869 neglectum
1000 1784 1097 1870 periit
1128 1785 1224 1870 panio
1257 1794 1331 1853 ante
1364 1807 1394 1874 p.
1418 1791 1471 1853 64.
1496 1789 1531 1854 in

340 1888 468 1954 verbis:
501 1893 623 1972 ’Ἄμφιν
657 1891 688 1956 δὲ
720 1889 883 1969 σσλμντοίς
917 1913 953 1955 τε
987 1891 1194 1974 ἀποφαίνουσι
1219 1893 1272 1958 καί
1298 1893 1445 1976 σφοδρούς
1466 1933 1532 1972 -,

341 1994 542 2075 ἀθυμοτέρους
577 2022 617 2075 γε
653 1998 714 2076 μίαν
746 1996 805 2071 τας
838 1995 1037 2090 διαμαρτίας.
1086 1994 1196 2062 Oratio
1232 1997 1353 2064 Graeca
1388 2001 1451 2065 erit
1485 2000 1533 2065 sic

341 2101 482 2185 scripta:
507 2101 708 2185 ἀθυμοτέρους
730 2126 771 2181 γε
789 2101 851 2181 μὴν
883 2101 990 2167 κατα
1014 2101 1072 2175 τας
1095 2102 1302 2186 διαμαρτίας,
1327 2103 1360 2169 id
1385 2111 1434 2170 est
1457 2101 1532 2171 ὅταν

340 2204 558 2287 διαμοίρτασιν.
1327 2201 1330 2206 ’

386 2311 475 2376 Alter
505 2311 595 2378 locus
627 2314 729 2380 παῖδα
765 2313 901 2388 citatorio
934 2313 1220 2390 ἀποδύσαντες
1252 2312 1460 2397 γυμνάζουσιν
1492 2319 1532 2388 ὠς

342 2416 396 2492 ἤδη
420 2415 515 2499 ἄνδρα
540 2439 615 2484 eum
641 2419 742 2485 altero
765 2419 834 2484 loco
859 2419 1056 2503 compositus
1081 2439 1190 2486 veram
1217 2419 1385 2486 lectionem
1411 2419 1531 2485 indica-

341 2520 389 2587 hit
414 2529 446 2586 et
472 2522 624 2590 stabiliet.
672 2523 805 2608 Legitur
829 2543 860 2608 p.
888 2527 947 2588 40:
985 2524 1111 2591 Τοιίτυν
1145 2522 1200 2589 ὧδέ
1222 2548 1274 2602 μοι
1298 2522 1459 2601 είρνμένων
1481 2528 1527 2602 μὴ

342 2627 376 2694 τὸ
400 2626 571 2710 γυμνοίζειν
602 2628 750 2708 ἡγοίμεθα
779 2626 906 2695 ἕπεσθαι
942 2630 1059 2702 τούτοις
1092 2629 1179 2695 anae
1215 2626 1283 2692 καί
1318 2627 1528 2695 οίνιοδιίςα-

342 2734 434 2799 σθαι
466 2735 517 2799 τὸν
548 2733 782 2815 γυμναζόμενον
818 2733 870 2800 καί
906 2735 937 2808 ἒς
973 2734 1156 2815 δοκιμασίαν
1194 2738 1436 2806 ααταςῆσαι
1472 2741 1529 2807 τῆς

342 2837 466 2922 φύσιας
490 2834 550 2921 ὅσα
572 2864 609 2904 σε
634 2840 798 2919 σύγκειται
832 2840 884 2906 καὶ
918 2840 990 2922 πρὸς
1014 2836 1040 2904 δ’.
1089 2838 1150 2903 Pro
1174 2836 1266 2901 nihili
1290 2835 1385 2902 verbo
1415 2837 1533 2904 σίτοδιί·

343 2946 456 3012 ςασναι
481 2942 585 3030 palam
613 2953 661 3011 est
694 2946 848 3011 ἀποδῦσαι
879 2945 990 3032 reponi
1015 2951 1185 3030 oportere,
1211 2942 1307 3029 idque
1332 2943 1436 3028 ipsum
1466 2943 1534 3032 (sed

342 3051 497 3116 ααοδύσαι
528 3051 698 3139 scriptum)
732 3059 899 3136 tamqnam
934 3069 971 3116 ex
1004 3048 1119 3114 Codice
1150 3049 1263 3137 Mynas
1286 3047 1398 3114 edidit.
1449 3048 1535 3116 Satis

343 3155 552 3240 perspicuam
578 3164 627 3221 est
647 3176 745 3234 eum,
769 3176 869 3241 quum
895 3165 988 3220 antea
1013 3154 1209 3239 scripturam
1235 3153 1360 3221 Codicis
1384 3155 1533 3240 expedire

344 3279 407 3324 non
434 3260 611 3345 potuisset,
638 3260 767 3326 tandem
801 3262 939 3347 repetita
970 3259 1107 3326 lectione
1131 3279 1240 3325 veram
1266 3259 1434 3326 lectionem
1459 3264 1535 3327 νίσο-

345 3366 436 3430 δῦσαι
461 3364 635 3432 extudisse.
684 3366 786 3446 Quam
810 3375 917 3432 autem
941 3367 1128 3451 imperitum
1155 3374 1186 3430 et
1211 3363 1403 3431 Graecitatis
1427 3375 1458 3431 et
1482 3368 1536 3434 Co-

346 3469 454 3535 dicum
488 3467 696 3555 legendorum
727 3490 797 3538 esse
821 3480 1034 3559 putescum,
1069 3471 1124 3557 qni
1150 3471 1292 3557 potuerit
1318 3472 1351 3535 in
1381 3472 1438 3537 tali
1468 3472 1536 3538 loco

345 3576 564 3645 αασδιίςασθαι
594 3576 755 3654 scribere,
787 3577 977 3643 vocabulum
1003 3577 1096 3663 piane
1119 3574 1214 3641 nihili
1238 3583 1270 3640 et
1293 3575 1374 3640 nihil
1404 3597 1537 3663 prorsus

346 3681 544 3767 significans.
594 3681 677 3763 Quid
711 3683 900 3769 interpres?
938 3683 984 3748 »ll
1015 3682 1083 3747 iant
1108 3701 1223 3747 encore
1254 3681 1350 3746 αἰσίαν
1373 3680 1456 3747 celui
1481 3684 1538 3768 qui

347 3786 414 3853 doit
439 3808 473 3853 se
492 3787 591 3853 livrer
615 3807 675 3852 aux
701 3788 896 3854 exercices.’'
944 3787 1151 3853 Commentus
1175 3794 1223 3853 est
1247 3785 1368 3872 aliquid
1393 3786 1432 3854 de
1455 3808 1536 3866 suo,

347 3900 385 3958 ut
408 3892 510 3958 vides.
558 3893 594 3956 ln
618 3913 686 3979 sqq.
711 3895 863 3960 vitiosum
888 3900 938 3960 est
960 3901 1157 3968 καταςῆσαιε
1185 3911 1259 3958 vera
1278 3890 1375 3958 lectio
1399 3900 1447 3958 est
1476 3919 1537 3959 αα·

347 4003 480 4071 ταςῆναι
505 3994 601 4082 idque
623 3999 654 4061 in
677 3998 792 4064 Codice
822 4007 910 4066 recte
933 4000 1090 4086 seriptum
1118 4017 1188 4064 csse
1213 3998 1370 4083 suspicor.
1417 3998 1538 4085 Nempe

348 4106 380 4178 ἐς
403 4103 587 4181 δοκιμασίαν
618 4113 779 4180 κατοιςῆ
788 4129 852 4170 ναι
882 4106 1046 4192 eleganter
1066 4104 1186 4170 Graece
1211 4103 1285 4189 poni
1310 4102 1390 4168 solet
1411 4124 1468 4190 pro
1494 4107 1538 4172 δο-

349 4208 505 4290 κιμσίσαι,
537 4207 725 4295 pervulgato
750 4209 930 4276 Atticorum
956 4219 987 4277 et
1010 4209 1236 4276 Atticistarum
1266 4226 1375 4284 more,
1401 4210 1455 4293 qui
1481 4230 1539 4297 pro

348 4324 551 4397 πολεμῆσαι,
575 4317 786 4396 κινδυνεῦσαι,
809 4319 1010 4398 πειραθῆναι,
1034 4316 1230 4395 βασανίσαι,
1254 4312 1467 4391 οίγιονίσασίαι
1492 4316 1539 4382 di-

350 4422 464 4488 cebant
487 4432 662 4500 καταςῆναι
686 4424 728 4499 είς
753 4421 912 4502 πόλεμον,
943 4420 1095 4498 κίνδυνον,
1120 4428 1246 4502 στεῖραν,
1269 4419 1431 4498 βάσανον,
1455 4424 1539 4500 aya-

351 4550 410 4602 να,
435 4525 560 4613 aliaque
585 4528 745 4613 permulta
769 4523 1012 4594 eiusdemmodi.
1061 4525 1119 4591 Hic
1143 4526 1245 4613 igitur
1269 4524 1348 4591 levis
1373 4545 1464 4591 error
1489 4535 1538 4593 est
