3270 5190
804 411 827 474 G

220 587 439 672 cupiditatem,
466 606 525 654 nec
548 592 682 673 possunt
703 582 785 650 duae
812 590 951 660 restam
975 581 1123 651 diversae
1145 602 1209 649 uno
1230 583 1408 672 eodemque

219 692 314 759 modo
337 692 501 781 appellari,
558 689 619 758 Sed
650 688 727 776 quid
761 687 863 754 multa
892 687 987 755 verba
1018 688 1152 775 perdam
1177 689 1209 754 in
1242 709 1277 756 rc
1305 693 1405 756 mani·

219 794 324 863 lesia?
382 798 415 865 Si
453 798 505 864 oui
545 814 699 883 umquam
740 793 864 859 Codicis
903 792 1093 880 inspiciendi
1128 793 1257 859 dabitur
1294 797 1407 882 copia,

219 898 322 979 banc,
346 901 464 980 credo,
490 901 658 966 lectionem
681 905 869 985 reperturus
893 907 962 965 est:
986 900 1019 966 τί
1040 900 1208 981 χρήσονται
1236 903 1349 974 αὐταῖς
1373 901 1405 974 ἐς

218 1007 442 1087 Ὀλυμιιίκν
474 1004 651 1081 ίίκοντερ.
699 1005 812 1092 Mynas
840 1004 873 1068 in
903 1004 1065 1089 scriptura
1101 1004 1332 1089 expallescente
1367 1025 1405 1072 ao

219 1108 363 1197 fugiente
385 1132 448 1177 non
471 1117 558 1177 recte
582 1109 683 1176 oculis
705 1129 783 1175 usus
813 1128 881 1174 esse
913 1107 1052 1174 videtur.
1103 1107 1164 1174 Sed
1186 1110 1288 1177 multo
1313 1112 1407 1196 peius

220 1219 414 1303 graviusque
439 1218 469 1281 iu
494 1215 594 1281 altero
618 1216 686 1282 loco
707 1214 853 1302 deliquit.
887 1213 1073 1279 Describam
1099 1213 1228 1290 locum,
1254 1216 1330 1300 quia
1352 1215 1405 1282 ad-

150 1370 152 1374 ι
220 1321 350 1387 modum
377 1321 481 1406 lepida
506 1340 559 1385 res
583 1327 632 1386 est
651 1317 1011 1406 lepidequoaSoplrista
1035 1327 1198 1383 narratur.
1234 1318 1407 1401 Προμάχου

219 1428 251 1492 δὲ
284 1432 338 1493 τοῦ
374 1427 408 1491 ἐκ
439 1424 564 1498 Πάλλας
595 1423 687 1501 ξυνίει
720 1424 777 1504 μὲν
809 1425 823 1489 ὅ
855 1424 1020 1503 χυμυαςδις
1052 1425 1200 1503 ἐρῶντος,
1237 1425 1344 1505 άχχυῶ
1365 1424 1405 1488 ’δὲ

220 1532 404 1610 Ὀλυμπίαν
432 1528 542 1594 ὄντων·
573 1525 628 1593 Ὦ
660 1528 836 1612 Πράμαχε,
869 1525 959 1605 εἴτε,
992 1529 1087 1601 δοκεῖς
1116 1551 1167 1608 μοι
1197 1529 1277 1609 ἐρῶν.
1310 1531 1348 1603 ῶς
1380 1529 1406 1594 δ’

219 1633 300 1704 εἶδεν
323 1637 517 1718 ἐρυθριῶντα·
549 1636 642 1699 Ἀλλ’
673 1636 726 1699 οὐκ
749 1633 907 1714 ἐλέγξων,
941 1632 1024 1715 ton,
1057 1638 1149 1698 ταῦτ’
1173 1632 1309 1714 ἠράμην,
1334 1633 1407 1709 ξυλ-

220 1741 395 1824 ληψόμενος
419 1740 451 1806 δὲ
475 1763 519 1805 τοι
543 1745 597 1805 τοῦ
626 1737 742 1821 ἔρωτος.
772 1740 825 1807 καί
857 1740 921 1822 γάρ
955 1737 994 1804 άν
1026 1740 1079 1805 καὶ
1110 1740 1306 1820 διαλεχθείην
1333 1741 1407 1821 ὑπὲρ

221 1853 274 1913 τοῦ
302 1848 344 1930 τῷ
368 1845 494 1928 γυναίῳ.
527 1843 578 1910 καί
610 1846 786 1926 διαλεχθεὶς
818 1845 900 1912 οὐδὲν
934 1844 1066 1928 άΦίκετο
1090 1845 1163 1926 πρὸς
1195 1845 1246 1910 τὸν
1270 1846 1407 1920 decocto

220 1952 355 2031 άτάχνιν
374 1950 467 2031 λάχον
489 1952 543 2015 οὐκ
566 1951 666 2027 άλκίῆ
683 1952 741 2030 μὲν
759 1951 887 2019 κλείςου
911 1950 943 2016 δὲ
967 1947 1050 2026 άξιον
1070 1950 1113 2031 τῷ
1135 1951 1245 2032 ἐρῶντι.
1283 1950 1407 2017 Retulit

222 2058 306 2122 cuim
341 2055 565 2122 mulierculam
597 2055 684 2121 illius
716 2075 858 2121 aeriorem
892 2074 952 2119 non
983 2056 1170 2140 aspernari,
1207 2057 1233 2120 si
1259 2053 1407 2143 Olympia

222 2163 362 2227 vicisset.
398 2159 451 2226 acl
476 2161 489 2224 ὁ
513 2160 683 2242 Πρόμαχος
715 2158 915 2232 άναττνεύοας
947 2161 999 2241 ἐφ’
1024 2156 1062 2224 ῶν
1086 2158 1209 2235 ἤκουσεν
1235 2163 1289 2226 οὐκ
1322 2161 1407 2226 ἐνίκα

222 2266 310 2346 μόνον
334 2267 422 2332 άλλά
455 2266 507 2331 καί
533 2264 768 2344 Πολυδάμαντα
792 2266 844 2331 τὸν
868 2273 1093 2330 Σκοτουσσαῖοι
1115 2265 1200 2342 μετά
1223 2265 1293 2340 τοὺς
1324 2265 1407 2331 λέον·

221 2396 300 2449 τας,
324 2367 373 2446 οὓς
398 2372 412 2436 d
434 2369 626 2449 Πολυδάμας
648 2371 749 2454 ᾑρήκει
780 2372 853 2451 παρ’
880 2370 983 2451 ’Ὤχῳ
1002 2371 1044 2452 τῷ
1071 2371 1181 2454 Πὲρορ.
1232 2371 1315 2437 Haec
1341 2391 1408 2436 orn·

222 2478 275 2543 nia
300 2497 381 2563 quac
413 2475 533 2542 Graece
564 2475 796 2561 descripsimus
825 2474 991 2540 commode
1016 2474 1192 2541 decurrunt
1218 2485 1249 2542 ot
1280 2485 1409 2563 praeter

223 2582 378 2668 quaedam
415 2581 563 2648 tenuiora
591 2579 854 2646 emendatissima
888 2586 985 2658 sunt,
1021 2580 1085 2646 nisi
1109 2581 1192 2667 quod
1218 2582 1409 2648 Graecitatis

222 2688 305 2754 ratio
335 2696 367 2754 et
399 2706 477 2753 usus
500 2686 664 2772 postulant
693 2686 892 2759 άνοοντνεάοας
923 2686 996 2767 άΦ’
1024 2682 1062 2751 ῶν
1091 2686 1236 2764 ἤκουσεν,
1268 2709 1330 2753 non
1355 2691 1408 2771 ἐφ’

222 2790 271 2859 ῶν.
319 2792 467 2858 Graviter
497 2801 605 2877 tamen
635 2792 667 2855 in
697 2790 747 2855 bis
774 2791 909 2878 impegit
943 2791 1105 2875 lnterpres
1126 2811 1225 2876 quum
1251 2801 1408 2860 verteret:

224 2896 420 2982 »borsqu'ils
443 2897 563 2962 etaient
587 2895 659 2982 ddja
681 2893 756 2981 pres
781 2893 985 2983 d’Olympie,
1010 2895 1038 2959 le
1058 2904 1228 2983 gymnaste
1256 2895 1303 2960 lui
1327 2896 1374 2962 dit
1388 2899 1408 2927 ”

223 3009 286 3070 etc.
311 3003 403 3088 quasi
429 3022 505 3068 vcro
531 3001 610 3068 baec
635 3002 666 3064 in
699 3001 815 3066 itinere
846 2998 994 3065 collocuti
1017 3007 1134 3066 essent.
1182 3000 1326 3088 Namque
1354 3001 1409 3068 ubi

223 3106 352 3173 laudern
374 3106 534 3174 habitasse
548 3116 641 3194 putes
655 3126 725 3173 cam
739 3125 834 3191 quam
850 3104 1047 3170 Pronracbus
1068 3104 1255 3192 deperibat?
1281 3106 1410 3175 Oboluit

224 3210 344 3298 aliquid
368 3213 429 3299 ipsi
450 3214 623 3299 Interpreti
650 3233 723 3278 nam
750 3218 822 3296 post
844 3229 946 3296 pauca
971 3209 1076 3278 locum
1107 3212 1154 3277 sic
1184 3212 1409 3299 interpolavit:

225 3315 317 3383 »bien
343 3317 421 3403 qu'il
444 3338 484 3385 ne
505 3339 540 3385 se
562 3317 613 3384 lut
636 3337 692 3404 pas
716 3321 886 3383 entrclenu
915 3336 990 3383 auco
1015 3315 1074 3382 elle
1102 3315 1134 3404 [ὰ
1156 3318 1287 3407 quelque
1311 3320 1412 3405 iemps

224 3421 263 3487 de
279 3421 324 3510 ld]
351 3422 373 3487 il
392 3425 529 3489 rcrint’'
553 3431 615 3491 eto.
665 3421 725 3489 Sed
748 3442 786 3488 ne
805 3423 852 3488 sio
877 3422 1006 3510 quidem
1029 3430 1060 3488 te
1080 3423 1237 3507 expedies.
1284 3430 1409 3507 Ἀχχοῶ

224 3527 256 3593 δὲ
277 3530 511 3608 Ὀλυμπίων
542 3529 654 3606 άντων,
689 3526 774 3613 quod
801 3535 873 3594 est:
906 3549 1002 3613 quom
1027 3527 1094 3592 ίιοάί
1128 3525 1283 3614 Olympici
1314 3530 1410 3596 losto-

225 3641 310 3711 rcut,
343 3632 432 3699 aliud
460 3654 559 3720 agens
583 3634 707 3719 accepit
739 3634 830 3718 quasi
863 3635 971 3715 άχχοῦ
995 3632 1026 3698 δὲ
1050 3633 1285 3712 Ὀλυμτίκς
1319 3633 1411 3701 ίντυν

225 3739 383 3824 scripturn
411 3738 535 3807 luisset.
584 3739 687 3806 Pollae
721 3737 799 3804 baec
830 3746 902 3804 acta
931 3745 1027 3816 sunt,
1065 3737 1120 3802 ubi
1151 3737 1308 3823 degebant
1336 3741 1411 3804 Pro·

225 3843 332 3909 machi
357 3863 493 3911 amores.
541 3843 674 3930 Reliqua
696 3845 797 3929 igitur
817 3843 987 3928 perspicua
1019 3851 1094 3907 sunt
1118 3852 1246 3929 practer
1268 3864 1305 3910 ea
1329 3864 1411 3932 quac

225 3948 331 4035 puella
354 3950 558 4037 respondisse
581 3949 736 4035 lingitur,
760 3967 899 4034 quorum
932 3947 1010 4015 baec
1036 3946 1136 4013 forma
1160 3956 1209 4015 est
1237 3959 1269 4015 ct
1299 3951 1331 4014 in
1357 3949 1412 4015 Go·
1517 4018 1519 4023 .

226 4053 297 4121 dice
333 4064 365 4120 ct
393 4055 426 4120 in
459 4055 660 4143 apographo:
693 4057 746 4121 οὐκ
781 4051 913 4130 άτκξιοί
943 4055 976 4120 τί
1004 4078 1061 4130 τε,
1094 4053 1175 4138 ἔφη,
1208 4061 1267 4120 τῶν
1299 4056 1411 4130 ἑαυτῆς

226 4160 373 4227 παιδικῶν
409 4167 538 4227 νικῶντα
573 4157 784 4241 Ὀλυμπίαζε.
832 4159 945 4226 Editor
984 4158 1169 4225 dubitanter
1201 4156 1277 4225 εἶναι
1314 4161 1413 4225 inter·

227 4265 337 4350 posuit
369 4264 408 4332 de
442 4285 500 4332 suo
534 4273 566 4332 et
596 4265 710 4333 verba:
745 4267 799 4332 οὐκ
833 4262 966 4341 άταξιοῖ
985 4264 1017 4329 τί
1038 4289 1073 4329 τε
1103 4260 1179 4329 εἶναι
1210 4269 1268 4328 τῶν
1299 4265 1412 4339 ἑαυτῆς

227 4371 374 4438 παιδικῶν
408 4371 454 4436 sio
489 4371 665 4437 convertit:
715 4371 792 4438 »Ta
837 4372 1004 4436 mailrosse
1041 4391 1079 4434 oc
1119 4377 1148 4434 te
1182 4376 1324 4433 ίιυιινοιύ
1355 4389 1414 4452 pue

227 4475 355 4562 indique
388 4476 426 4543 dc
458 4477 577 4564 άρκικι·
602 4478 708 4565 parmi
742 4499 790 4544 sos
824 4476 1023 4553 odoratorum,
1057 4475 1084 4541 si
1120 4481 1153 4539 tu
1189 4471 1364 4560 triompbcs
1395 4473 1413 4537 a
