3270 5190
692 449 731 511 77

121 633 210 712 pant.
268 622 380 706 Itaque
416 617 609 704 legendum:
643 620 695 686 καί
740 619 897 687 παιδίων
940 621 996 697 μὲν
1031 619 1147 686 όντων
1181 621 1310 704 οίΦανῶς

122 728 294 795 ὑποδέδυκε.
342 721 567 811 compendiolo
592 723 727 791 sortasse
753 725 882 812 Mynam
911 723 1104 794 fefellerunt.

166 832 250 914 Quid
282 831 324 896 sit
361 829 532 914 legendum
567 850 597 915 p.
623 834 687 906 44,
715 835 754 896 7:
792 849 849 914 pro
879 827 966 894 ίτον
998 830 1127 909 μένεόος
1161 837 1311 916 exspecto

119 939 179 1024 qui
196 957 246 1003 me
271 957 309 1002 cx
330 935 444 1001 Codice
472 933 588 1000 melius
611 933 694 999 lecto
721 933 845 999 doceat.

163 1041 253 1123 Quod
279 1041 397 1126 legitur
422 1061 451 1126 p.
474 1045 536 1118 44,
564 1043 624 1104 17:
658 1041 691 1104 οὐ
715 1041 777 1118 μὴν
800 1037 900 1122 πρόσω
935 1064 975 1118 γε
1006 1048 1062 1115 τῆς
1087 1039 1201 1121 τίχνιρς
1226 1058 1310 1105 corn·

117 1147 297 1234 parandum
322 1166 397 1211 cum
423 1144 546 1211 Aeliani
571 1142 678 1208 verbis
702 1144 736 1208 in
757 1144 835 1210 Var.
862 1144 944 1210 Hist.
966 1145 1020 1211 IV.
1051 1147 1102 1211 la.
1128 1144 1167 1209 dc
1191 1143 1311 1209 athleta

116 1252 308 1318 scribentis:
332 1259 438 1334 χωρῶν
463 1253 501 1323 ἐς
519 1253 553 1316 τὸ
578 1249 677 1331 πρόσω
702 1258 758 1325 τῆς
779 1249 917 1333 τέχνας,
943 1259 975 1315 ot
996 1250 1099 1336 ipsius
1124 1248 1309 1314 Philostrati

115 1377 145 1443 p.
173 1361 238 1437 68,
266 1363 303 1422 1:
339 1360 500 1440 daiphron
526 1357 584 1434 μὲν
608 1351 642 1429 ἦν
679 1358 712 1420 οὖ
737 1355 847 1434 μέγα,
871 1355 1007 1421 ἕποίλαιε
1030 1355 1061 1420 δὲ
1092 1353 1224 1436 πρόσω
1253 1353 1310 1420 τί·

114 1487 228 1544 χνος.
287 1461 369 1526 Hinc
406 1461 522 1526 melius
556 1458 758 1546 intelligetur
793 1460 1018 1548 Aristophanis
1060 1457 1239 1526 versiculus
1276 1460 1308 1524 in

116 1567 230 1652 Vespis
254 1570 337 1632 192:

298 1674 420 1753 ποννρός
446 1666 476 1736 εί
497 1668 624 1752 πόρρω
649 1669 692 1736 τί
699 1694 802 1752 χννρς
827 1669 880 1737 καί
904 1669 1096 1751 παροίβολος.

117 1795 213 1862 quem
238 1776 371 1843 minime
406 1775 564 1842 intellexit
591 1774 808 1854 ScholiasteS,
832 1776 885 1842 cui
913 1775 1008 1857 πόρρω
1040 1775 1154 1856 τέχνας
1181 1775 1309 1843 videtur
1411 1810 1415 1817 ·

117 1880 321 1965 significare:
345 1885 399 1948 οὖα
422 1884 486 1948 οίπό
510 1882 624 1964 τέχνας
648 1884 710 1948 οὐδ’
735 1885 797 1949 οίπό
817 1883 953 1962 μελέτης
977 1882 1066 1947 οίλλόο
1092 1880 1197 1962 φύσει.
1245 1881 1307 1946 Me·

115 1985 179 2051 lius
215 1985 371 2073 Didymus
406 1989 435 2052 ἐν
464 1998 502 2070 τῇ
535 1997 661 2070 Κωμικῇ
698 1986 790 2063 Λέξον
824 1987 908 2072 apud
944 1985 1143 2075 Hesychium
1178 1984 1306 2068 Πόρρω

60 2134 62 2136 -
114 2091 266 2172 τέχνας
300 2087 398 2168 ίμοιον
422 2094 464 2174 τῷ
489 2095 624 2175 σφοδρῶς
651 2092 813 2173 ἕνίχεσόαί
841 2116 910 2158 τινι.

161 2194 267 2261 Verba
290 2195 476 2261 Philostrati
510 2217 539 2282 p.
563 2201 631 2274 5⁶4,
660 2202 698 2262 1:
734 2196 907 2270 ὁπλίτην
939 2195 971 2261 δὲ
1001 2194 1053 2260 καὶ
1086 2195 1191 2264 ταδίου
1223 2198 1306 2274 τίνω-

115 2304 197 2377 νιςίρν
222 2299 274 2365 καί
300 2301 426 2366 διαύλου
458 2301 600 2382 διακρίνει
629 2303 686 2381 μὲν
720 2302 815 2375 οὐδεὶς
847 2299 891 2367 ἔτι
925 2302 960 2366 ἕιι
995 2305 1053 2366 τῶν
1087 2300 1222 2381 χρόνων,
1254 2299 1304 2375 οὓς

114 2406 269 2477 Λεωνίδας
306 2407 319 2469 ὁ
354 2406 463 2477 Ῥόδιος
496 2408 546 2471 ἐπ’
577 2405 776 2484 όλυμπιοίδας
808 2407 963 2486 τέτταρας
996 2407 1081 2473 ἐνίκα
1113 2406 1168 2480 τὴν
1202 2407 1305 2488 τριτὺν

113 2510 250 2586 ταύτην,
275 2509 481 2576 illustrantur
505 2532 542 2579 ex
569 2513 629 2590 iis,
655 2533 736 2598 qnae
761 2533 859 2598 supra
883 2514 918 2577 ἐκ
938 2520 994 2588 τῆς
1019 2519 1077 2577 τῶν
1102 2512 1303 2590 Ὀλυμπιονι·

113 2617 172 2680 κῶν
207 2618 398 2696 οίνανροοφός
434 2618 655 2702 apposuimus
678 2618 719 2684 ad
751 2604 965 2707 'Olympiades
1001 2617 1304 2684 cclv-utilit.

113 2722 269 2793 Λεωνίδας
292 2721 400 2794 Ῥόδιος
422 2724 548 2804 τριαςίρς
561 2722 707 2802 -μίνος
724 2725 777 2789 καί
797 2730 911 2805 πρῶτος
932 2723 982 2788 ἐπὶ
1007 2722 1161 2803 τέτταρας
1182 2730 1303 2804 Ὀλυμ·

114 2826 229 2900 πιοίδας
264 2828 417 2908 ςεφανοὺς
447 2828 686 2906 Ὀλυμπιααοὺς
720 2827 787 2910 ἔχει
819 2829 945 2894 δοίδειια.
993 2828 1234 2912 Contyarandus
1270 2837 1303 2896 et

113 2932 288 2997 Pausanias
313 2931 365 2997 Vl.
390 2936 512 2997 x111.4:
549 2935 592 2998 τόν
613 2935 716 3013 μέντοι
740 2933 960 3016 ἕπιφανὲςατα
984 2934 1014 3006 ἐς
1039 2934 1145 3013 δρόμον
1163 2936 1301 3020 Λεωνίδα

112 3038 212 3118 Ῥοδίῳ
236 3037 321 3107 ἒςίν·
346 3038 395 3102 ἐπί
421 3042 483 3120 νόορ
505 3039 660 3121 τέσσαρας
682 3038 905 3117 Ὀλυμπιοίδας
930 3037 1080 3120 οίαμοίζων
1110 3064 1145 3104 τε
1167 3050 1205 3122 τῇ
1227 3040 1300 3105 ὠκύ-

111 3168 180 3217 ιωρτι
205 3145 373 3223 οίντνίραετε
397 3142 449 3207 καί
473 3143 642 3221 γεγόνασιν
666 3147 750 3226 αὐτῷ
782 3143 890 3225 δρόμου
920 3151 999 3208 νῖκαι
1026 3144 1074 3209 δύο
1098 3146 1222 3224 οίριίμόν
1245 3145 1298 3210 καὶ

113 3248 200 3314 δέκα.
251 3247 311 3313 Sed
336 3250 464 3313 suntin
489 3249 557 3314 loco
582 3249 793 3316 Philostrateo
817 3248 973 3335 quaedam
998 3249 1184 3336 suspiciosa.
1218 3250 1300 3316 Leve

113 3363 162 3418 est
186 3356 309 3435 τριττύν
334 3375 389 3440 pro
412 3356 515 3437 τριτόν
539 3351 783 3422 rescribendum
808 3376 878 3421 csse
898 3355 1090 3430 admonere,
1125 3355 1179 3420 sed
1204 3355 1297 3421 vehe-

113 3467 238 3524 menter
268 3469 454 3546 suspectum
479 3468 528 3525 est
563 3462 702 3536 ὁπλίτην.
750 3462 814 3526 Cur
839 3460 966 3525 dicatur
989 3460 1147 3526 Leonidas
1170 3463 1297 3542 τριαςής

112 3561 295 3629 videndum.
344 3565 487 3631 Verbum
520 3565 652 3648 τριοίζειν
687 3569 763 3647 (non
794 3563 968 3645 τρωίττειν,
1002 3565 1086 3652 quod
1117 3574 1297 3632 monstrum

112 3667 256 3733 vocabuli
283 3670 363 3737 rnale
390 3673 421 3735 in
443 3691 554 3755 garam
586 3670 779 3737 Graecitatis
813 3681 980 3756 receptum
1005 3671 1065 3760 est)
1092 3671 1204 3738 hahuit
1232 3672 1298 3738 lor·

111 3793 181 3839 mas
206 3775 337 3841 Doricos
360 3775 483 3858 τριοίξαι
508 3787 539 3842 et
569 3779 752 3858 τριαχόῆναι
780 3776 829 3865 (ut
853 3775 986 3857 οίρμίξαι
1011 3786 1042 3842 et
1068 3777 1296 3866 οίρμοχόῆναι),

112 3886 144 3941 el
168 3878 243 3946 ltine
269 3885 414 3964 τριακτιίρ
439 3891 550 3946 natum
576 3892 607 3948 el
630 3891 806 3964 τριοικτῆρος
837 3882 941 3964 τυχών
971 3881 1056 3968 apud
1090 3882 1294 3972 Aeschylum.

111 3983 214 4051 Huius
237 3989 325 4052 verbi
349 3987 423 4052 olim
449 3990 577 4075 propria
607 3988 698 4056 sedes
727 3987 788 4053 luit
813 3988 844 4053 in
869 3987 955 4053 lucta
981 4008 1038 4074 pro
1061 3989 1124 4070 τρίς
1148 3991 1295 4070 καταβα·

109 4098 176 4156 λείν
197 4098 229 4157 et
261 4094 307 4157 sic
332 4092 461 4158 dentum
493 4097 640 4172 vincere,
672 4102 704 4160 et
725 4096 908 4175 τριαχόῆναι
928 4100 959 4158 et
983 4103 1159 4176 τριαιιτῆρος
1185 4103 1296 4177 τυχεῖν

110 4203 155 4259 esi
180 4199 245 4278 τρὶς
269 4198 405 4264 πεσόντα
438 4201 614 4277 ἧττνρόῆναι.
662 4199 783 4266 Deinde
812 4219 960 4266 cursores
988 4198 1179 4266 dicebantur
1212 4225 1295 4282 τρια·

109 4301 182 4376 ταί,
216 4304 272 4389 qui
295 4305 357 4369 tria
391 4305 604 4371 certaminum
638 4326 754 4391 genera
778 4303 1026 4390 coniungebant.
1076 4305 1136 4369 hlii
1162 4306 1295 4370 coniun-

108 4405 227 4489 gehant
261 4407 383 4488 τοίδιον,
415 4411 556 4486 δίαυλον,
592 4407 706 4490 ίπλον,
738 4411 792 4478 alii
819 4411 945 4488 ςοίδιον,
981 4409 1125 4484 δίαυλον,
1162 4410 1294 4492 δολιχόν.

110 4510 242 4598 Legitur
278 4516 308 4579 ἕν
344 4524 382 4598 τῇ
417 4522 475 4581 τῶν
510 4517 756 4598 Ὀλυμπιονικῶν
791 4519 963 4599 οίνανραφῇ
998 4513 1035 4580 ad
1073 4511 1294 4602 Olympiadem
