3270 5190
910 464 952 525 08

338 638 381 718 ’τῷ
407 636 499 717 πατρί
531 634 636 710 ποίλκς
666 636 740 701 είσίν
766 635 964 713 Ὀλυμπικαὶ
997 643 1077 702 νῖκαι
1103 639 1346 720 συναμφοτέροις
1378 642 1435 720 μὲν
1466 641 1529 722 μία

340 769 374 808 τε
399 743 451 808 καί
476 742 573 816 δέκα,
599 742 640 823 τῷ
665 741 696 807 δὲ
719 741 905 807 Ἱπποσθένει
929 748 988 826 μιᾷ
1009 744 1074 824 νίκρ
1094 743 1145 808 τόν
1169 745 1229 809 υίόν
1251 748 1414 825 παρελθεῖν
1436 748 1530 827 ὑπῆρ-

340 847 401 925 ξεν.
449 847 573 914 Divinis
598 845 771 911 honoribus
792 846 915 911 cullum
941 866 1010 912 esse
1035 847 1285 931 Hipposthenenr
1312 851 1413 916 nanu
1446 851 1528 916 Pau-

340 954 448 1019 sanias
473 953 531 1018 ΙΙΙ.
558 973 609 1018 xv.
638 958 677 1018 7:
711 953 841 1028 πλησίον
865 953 891 1017 δ’
913 952 975 1020 ε’ςίν
1000 954 1208 1026 Ἱπποσθένους
1234 957 1326 1034 ναός,
1350 952 1371 1039 ᾧ
1392 957 1530 1034 γεγόνα-

341 1084 387 1124 σιν
412 1060 444 1123 αί
469 1057 586 1124 πολλαί
611 1065 691 1122 νῖκαι
716 1057 832 1133 ποίλκς.
855 1057 987 1137 Σέβουσι
1009 1057 1035 1122 δ’
1060 1059 1094 1122 ἐκ
1116 1059 1338 1137 μαντεύματος
1359 1062 1409 1126 τόν
1423 1067 1530 1127 Ἱππο·

340 1165 443 1236 σθένκν
467 1161 525 1228 ίίτε
549 1163 705 1229 Ποσειδῶνι
741 1164 838 1241 τιμοὶς
860 1161 1014 1240 νέμοντες.
1062 1164 1125 1229 Aul
1149 1184 1206 1249 ego
1232 1163 1343 1245 lallor,
1368 1172 1424 1230 aul
1447 1165 1530 1231 Pau·

340 1270 463 1334 suniam
487 1267 597 1334 lelellit
622 1287 735 1332 nomen
761 1269 943 1340 Ποσειδῶνος
967 1269 1182 1347 ἱπποσθενοῦς,
1208 1289 1304 1356 quem
1328 1271 1375 1337 sic
1400 1271 1530 1337 invocat

252 1403 259 1410 ·
339 1373 570 1462 Aristophanes
592 1374 624 1438 in
648 1373 776 1458 llquilt.⁴
804 1392 848 1438 vs.
869 1377 944 1439 551.

611 1479 711 1545 Ἵππί
735 1474 816 1554 ἄναξ
838 1477 1001 1556 Πόσειδον,
1026 1474 1047 1561 ᾧ

612 1583 830 1666 χαλκοκρότων
852 1579 953 1648 ίππυν
977 1583 1092 1657 κτύπος

612 1689 665 1755 καί
687 1689 898 1777 χρεμετισμός
922 1688 1054 1754 οίνδοίνει.

339 1794 419 1881 quid
453 1797 537 1861 enim
574 1794 721 1880 Neptuno
752 1793 814 1858 suiv
846 1814 920 1859 cum
953 1793 1112 1858 luctatore
1147 1793 1369 1883 Olympionica
1401 1803 1532 1882 praeier

343 1900 481 1965 nominis
512 1898 794 1965 convenientiam?
842 1899 1011 1964 Praeterea
1047 1897 1135 1964 locus
1176 1901 1351 1966 Pausaniae
1385 1921 1448 1966 non
1481 1911 1532 1967 esl

341 2009 487 2090 integer:
520 2005 638 2070 excidii
667 2002 879 2079 vocabulum,
910 2003 993 2088 quod
1027 2004 1073 2068 sic
1098 2003 1228 2090 supple:
1254 2001 1274 2088 ᾧ
1297 2006 1465 2084 γεγόνασιν
1495 2008 1531 2072 αἱ

341 2112 458 2178 πολλαί
486 2110 708 2200 (Ὀλυμπικαὶ)
733 2119 824 2175 νῖκαι.
858 2109 924 2175 Non
947 2111 1031 2174 enim
1055 2108 1133 2174 alias
1156 2129 1251 2194 qnam
1276 2110 1459 2198 Olympieas
1485 2113 1530 2175 vi·

340 2219 461 2284 clorias
486 2218 659 2302 reporlavit
678 2224 708 2279 el
730 2225 894 2300 reponare
915 2216 1018 2300 potuil
1036 2214 1269 2299 Hipposllvenes
1292 2215 1332 2280 ab
1356 2220 1531 2283 annom.

341 2345 370 2390 a.
396 2322 468 2388 cnr.
494 2320 532 2385 arl
555 2340 674 2385 annum
695 2323 780 2399 608,
805 2319 994 2407 Olympiade
1014 2319 1159 2385 XXXVII
1183 2328 1215 2385 et
1235 2320 1531 2387 XXXlX-XLIII,

388 2428 496 2492 Haesit
521 2427 635 2490 vilium
669 2446 699 2511 p.
719 2430 783 2503 ὅθ,
808 2429 844 2490 2:
878 2425 1232 2510 κονίσαιιπαλαίςρρο
1259 2429 1311 2493 τόν
1341 2428 1476 2501 οίθλκτίρν
1499 2427 1532 2490 ἕν

341 2534 509 2615 Ὀλυμπία
532 2530 584 2595 καί
609 2532 765 2606 κ’λιοῖνσθαι
789 2529 925 2608 οἶνοίνκκ.
974 2528 1057 2610 Quid
1083 2539 1131 2595 csl
1155 2531 1296 2596 uovv'rorr?
1321 2532 1530 2597 κονίεσθαι

342 2641 372 2703 ἐν
396 2638 560 2720 παλαίςρρ
584 2643 669 2700 cerie
693 2633 827 2717 intelligi
851 2642 952 2719 polesl
971 2642 1003 2700 el
1029 2635 1185 2703 Graecum
1211 2645 1270 2701 esi.
1318 2635 1416 2701 Nemo
1440 2637 1530 2702 enim

342 2745 479 2830 Epirum
513 2741 718 2813 κονίοντες
746 2740 855 2804 πεδίοιο
881 2738 943 2804 lruc
969 2738 1084 2804 trahel.
1132 2741 1321 2827 Exemplum
1347 2760 1448 2805 unum
1475 2741 1530 2806 arl-

342 2848 481 2916 scribam
507 2847 582 2932 quia
612 2843 737 2931 lepidus
762 2844 850 2911 locns
884 2855 932 2910 esc
960 2853 991 2910 el
1024 2845 1126 2910 obiter
1150 2845 1389 2912 emaculandus.
1436 2846 1530 2913 Gale-

342 2975 403 3021 nus
428 2956 460 3019 in
483 2954 640 3035 Pronepr.
674 2972 703 3037 p.
730 2957 783 3016 45.
810 2949 902 3017 Will.
927 2950 978 3016 ε’πί
1003 2951 1061 3016 τίνι
1086 2953 1111 3016 oi
1146 2953 1280 3025 οίθλκταί
1308 2954 1396 3030 μέγα
1421 2956 1531 3034 Φρονί-

342 3086 466 3137 σουσιν;
491 3092 537 3106 -
559 3056 639 3137 πόχ’
670 3054 718 3121 οὖν
748 3057 797 3120 ἐπί
830 3058 872 3138 τῷ
904 3055 940 3121 δι’
973 3053 1045 3129 όλκς
1078 3056 1193 3136 ἡμέρας
1227 3059 1436 3122 κονίεσθαι
1476 3060 1532 3146 [δι-

342 3165 516 3251 καιοῦσιν];
539 3162 628 3227 οίλλόι
650 3160 741 3225 τοῦτό
764 3185 803 3239 με
830 3160 882 3226 καί
909 3167 972 3233 τοῖς
995 3159 1094 3240 όρτνξι
1116 3159 1168 3225 καί
1191 3169 1254 3234 τοῖς
1277 3160 1408 3244 πέρδιξιν
1433 3163 1531 3243 ὑπόρ-

341 3298 416 3355 χει,
447 3268 526 3356 [καί]
554 3267 638 3346 είπερ
665 3266 714 3328 ἐπί
742 3265 838 3346 τούτῳ
861 3265 949 3342 μέγα
973 3265 1034 3344 χρὴ
1061 3273 1180 3346 φρονεῖν
1209 3265 1287 3354 [ἐπὶ]
1314 3270 1356 3349 τῷ
1386 3268 1423 3332 δι’
1455 3266 1530 3344 όλνρς

342 3381 458 3458 ἡμέρας
494 3370 628 3451 βορβόρῳ
658 3369 812 3434 λούεσθαι.
859 3369 1016 3454 Expunge
1048 3390 1129 3453 quae
1160 3373 1251 3435 uncis
1281 3373 1474 3439 inclusionis
1499 3383 1532 3439 el

342 3483 451 3549 omnia
480 3476 641 3542 hebenum
669 3476 797 3560 optime.
846 3474 890 3539 lle
918 3473 1020 3539 lorma
1043 3469 1229 3554 κεκονιμένος
1261 3478 1388 3562 saepius
1420 3477 1455 3542 in
1481 3504 1530 3544 κε-

341 3585 513 3665 κονισμὲνος
537 3581 707 3666 depravare
730 3579 871 3646 diximus
894 3580 927 3644 in
952 3579 1027 3646 Var.
1053 3581 1152 3648 Lecll.
1185 3603 1214 3668 p.
1244 3586 1317 3647 128.

388 3693 457 3759 Duo
487 3686 583 3754 verba
608 3704 806 3770 supervacua
839 3684 1018 3769 impediunt
1050 3686 1154 3751 locum
1191 3709 1220 3773 p.
1243 3693 1303 3764 ὅθ,
1331 3693 1391 3753 12:
1425 3698 1532 3755 Λακε-

343 3797 489 3878 δαιμόνιοι
520 3791 626 3858 δὲκαὶ
660 3792 808 3864 τακτικίςν
832 3791 995 3870 ἐβούλοντο
1024 3792 1089 3878 [καί
1109 3793 1238 3877 αὐτοὺς]
1262 3796 1332 3867 τοὺς
1357 3796 1531 3873 νυμναςας

342 3906 462 3971 εἰδέναι.
509 3898 577 3964 Nisi
609 3897 803 3982 expunxeris
826 3897 878 3963 καί
907 3897 1019 3968 αὐτούς
1051 3899 1208 3964 sententia
1243 3919 1305 3963 non
1339 3908 1426 3964 recle
1458 3919 1532 3985 pro-

340 4010 443 4077 ceder.

388 4110 567 4178 anhalnm
604 4114 652 4172 est
685 4105 805 4192 aliquid
841 4129 873 4195 p.
898 4113 960 4187 54,
986 4113 1025 4175 4:
1062 4114 1201 4175 Γλαῦκον
1236 4111 1288 4174 τὸν
1311 4109 1461 4191 Καρθςιον
1487 4151 1535 4162 -

340 4221 453 4290 Τισίας
494 4218 507 4281 ό
541 4214 705 4292 νυμνκςίρο
737 4216 779 4288 είς
812 4216 894 4292 νίκην
929 4215 1035 4293 ἤγαγε
1072 4215 1386 4294 παρακελευσόμενος
1423 4246 1436 4272 ν
1455 4218 1533 4283 τόιν

340 4330 415 4394 ἀπ’
439 4321 607 4406 οίρόπρου
631 4317 837 4395 πλῆξαι·”
861 4321 945 4386 τουτί
971 4322 1002 4386 δὲ
1026 4317 1087 4401 ν’ίρα
1111 4316 1145 4393 ἦν
1169 4323 1185 4396 ἡ
1208 4331 1263 4397 τῆς
1284 4318 1386 4397 δεξιοῖς
1411 4321 1454 4394 είς
1478 4323 1533 4387 τόν

340 4433 512 4499 όντίπαλον
545 4425 636 4510 φοραί.
685 4425 766 4491 Nola
802 4425 932 4491 lrisloria
968 4433 1026 4490 esi.
1074 4425 1262 4490 Adscribam
1300 4424 1455 4491 nonnulla
1490 4447 1534 4493 ex

340 4537 498 4604 Pausania
524 4532 566 4596 Vl
604 4554 634 4597 x.
663 4536 703 4596 δε
732 4533 745 4596 ό
777 4536 916 4604 Γλαῦκος
944 4527 1002 4596 όίτε
1024 4533 1076 4597 οὐκ
1100 4533 1251 4614 ἐμπείρως
1276 4530 1356 4613 ἔχων
1382 4539 1437 4606 τῆς
1464 4533 1531 4611 μοί·
