3270 5190
920 447 962 508 ot

343 629 391 688 est
416 619 487 694 ἀλις
511 621 629 686 κείσίαι
655 625 687 684 et
709 619 782 705 quis
806 636 958 702 umquam
987 617 1040 682 illo
1061 617 1154 684 modo
1177 618 1304 685 loeutus
1327 619 1398 686 esti
1435 621 1536 688 Grae-

344 746 417 794 cum
443 734 492 791 est
513 726 564 791 nai
595 725 816 791 τῶντοιούτων
839 725 897 801 μὲν
920 721 1015 798 ἀλις,
1050 723 1133 809 quod
1158 744 1176 789 a
1200 723 1261 789 loci
1294 727 1454 792 sententia
1479 725 1535 792 ab·

344 831 463 897 horret.
521 830 612 911 Quod
646 832 798 895 continuo
827 830 975 914 sequitur
1009 849 1054 894 vs.
1083 833 1114 894 d.
1152 827 1316 905 ἐνδείξαιτο
1346 831 1376 895 in
1403 830 1534 896 uerbis:

342 938 517 1009 ἀτοδύντας
552 936 583 1001 δέ
615 943 701 1009 κλεῖς
735 935 772 1001 ἀν
805 933 1040 1010 ἐνδείξαιτο
1076 935 1162 1009 κοίλη
1188 935 1304 1000 vitium
1329 935 1396 1000 alit.
1444 935 1534 1001 Indi·

343 1043 424 1107 ον’νινιν
451 1046 556 1128 sorore
586 1047 634 1105 est
658 1040 861 1117 ἐνδεικνύναι,
894 1059 955 1103 non
990 1039 1215 1115 ἐνδείκνυσθαι,
1252 1040 1460 1125 quamobrem
1488 1042 1535 1104 ε’ν·

343 1145 451 1222 δείξειε
475 1146 560 1219 κοίλη
586 1143 822 1210 restituendum
848 1164 971 1210 censeo.
1494 1135 1499 1144 ’

389 1249 562 1315 Mirificum
596 1258 644 1314 est
676 1248 759 1334 quod
791 1250 910 1334 legitur
943 1270 975 1335 p.
999 1253 1063 1327 84,
1090 1254 1128 1314 7:
1165 1250 1263 1328 βολαί
1291 1274 1328 1314 τε
1363 1253 1537 1334 ὀφθαλμῶν

344 1354 584 1433 κεκλονημένον
620 1354 737 1420 καὶτὸ
769 1356 936 1436 έράσίαι
972 1354 1197 1420 δοκούντων
1230 1356 1537 1436 ἀποσημαίνου-

344 1485 423 1526 σαι.
478 1459 667 1543 InterpreS,
705 1478 800 1544 quem
835 1459 917 1524 nihil
948 1459 1129 1537 absterret,
1161 1456 1322 1525 reddidit:
1358 1459 1407 1526 »le
1442 1460 1537 1546 globo

345 1566 401 1632 des
422 1585 506 1654 yeux
528 1601 573 1613 —
592 1567 734 1650 presente
763 1565 808 1630 lea
829 1565 933 1650 ripner
963 1565 1017 1630 ύνε
1049 1586 1125 1650 pens
1148 1565 1355 1629 emourcuress’
1403 1564 1538 1632 Scilicet

346 1672 425 1738 haec
448 1671 603 1735 dicuntur
627 1668 665 1734 de
695 1670 756 1746 iis,
789 1689 868 1755 quos
898 1689 976 1735 cura
1008 1677 1038 1735 et
1064 1667 1245 1733 sollicitudo
1276 1678 1444 1756 torqueat,
1478 1672 1537 1756 qui

347 1776 505 1863 quomodo
540 1782 671 1858 repente
707 1793 744 1839 ex
779 1794 889 1840 anione
922 1773 1076 1858 languere
1108 1776 1272 1859 coeperint
1308 1795 1369 1840 non
1402 1783 1536 1862 expeto.

347 1883 517 1947 Praeterea
540 1897 622 1964 quac
645 1884 694 1944 est
718 1878 885 1945 uerborum
910 1879 1104 1945 Graecorum
1131 1879 1343 1963 compositio?
1391 1880 1439 1945 An
1464 1882 1536 1963 ἑράν

348 1995 378 2053 et
400 1988 525 2067 ε’ράσύαι
554 1991 602 2050 est
635 1983 742 2048 idem?
781 1987 820 2049 Oi
845 1987 968 2067 ἐρῶντες
989 2005 1006 2050 e
1028 1984 1119 2049 vultu
1153 1973 1301 2068 cognosci
1327 1994 1482 2070 possunt,
1510 1989 1536 2052 oi

348 2093 485 2173 ἐρώμενοι
516 2108 577 2153 non
607 2089 697 2154 item.
755 2089 931 2155 Haeremus
967 2091 999 2154 io
1036 2089 1145 2154 eodem
1180 2087 1266 2162 luto,
1304 2090 1337 2154 in
1369 2110 1431 2175 quo
1468 2098 1536 2158 tam

348 2215 441 2282 saepe
465 2203 571 2260 antea.
619 2193 687 2258 Non
714 2194 822 2261 minus
844 2204 1028 2282 portentosa
1048 2195 1079 2258 in
1106 2193 1225 2259 uicinia
1252 2204 1427 2280 apparent,
1453 2215 1537 2280 quae

348 2301 424 2387 quia
460 2296 631 2364 emendare
663 2318 724 2362 non
760 2321 891 2384 possum
922 2300 1050 2365 silentio
1080 2298 1269 2383 praeteribo.
1327 2299 1467 2365 Pessime
1501 2301 1536 2364 in

347 2405 460 2491 paucis
484 2411 657 2487 corruptus
680 2411 728 2468 est
750 2403 838 2469 locus
863 2425 892 2490 p.
917 2409 978 2481 86,
1007 2407 1067 2467 1⁶2:
1091 2403 1305 2484 μετερχέσύων
1328 2429 1364 2469 τε
1385 2415 1535 2488 νομιαςη

347 2530 449 2595 usque
474 2509 512 2574 arl
537 2514 590 2573 τοῦ
615 2532 650 2572 τε
679 2507 875 2587 ἀντομάττενν
902 2507 1185 2588 ἀκολνμοτάνοντες.
1233 2509 1407 2594 Interpreti
1426 2509 1535 2591 μετέρ·

346 2640 447 2697 χομαν
481 2622 629 2695 pertineri
654 2621 702 2676 est
739 2615 790 2697 »jc
813 2615 894 2680 rn’en
926 2625 1071 2702 rapporte
1100 2636 1141 2679 ott
1173 2614 1372 2701 ppmnoote.’'
1396 2620 1427 2678 ct
1459 2616 1535 2681 ἀκο·

347 2719 493 2798 λιμτάνω
517 2724 570 2784 τοῦ
595 2717 792 2796 ἀτομάττειν
818 2721 868 2804 »ρο
887 2741 926 2784 ne
947 2741 997 2784 nee
1017 2721 1082 2806 fois
1101 2741 1160 2806 per
1183 2741 1309 2806 σισύραν
1332 2719 1423 2804 apres
1442 2719 1536 2785 l’onc-

347 2826 443 2890 tion.’'
493 2823 646 2910 Suspicor
677 2824 778 2909 igitur
801 2826 997 2905 ἀτομύττειν
1031 2825 1139 2892 eodem
1164 2845 1261 2890 sensu
1295 2845 1357 2910 quo
1388 2823 1535 2904 ἀνιομάτ-

346 2933 454 2997 τεσύαι
479 2929 578 2995 abeo
603 2929 716 3013 accipi.
764 2932 857 2997 Ἀλλ’
879 2931 945 3012 ἐμοὶ
977 2933 1035 3010 μέν
1059 2938 1117 2997 τῶν
1143 2930 1284 2996 τοιούτων
1311 2926 1406 3007 ἀλνς,
1430 2949 1536 3014 neque

348 3035 486 3120 anrplius
513 3032 588 3099 talia
613 3033 807 3118 redarguere
829 3037 928 3102 iuvat

392 3137 509 3202 Facilis
533 3147 583 3204 est
608 3139 669 3204 loci
693 3141 838 3226 corrupti
863 3139 1044 3206 emendatio
1068 3160 1098 3226 p.
1117 3145 1179 3218 88,
1204 3146 1244 3206 t:
1269 3141 1306 3206 Ei
1330 3139 1361 3204 δέ
1386 3137 1421 3216 ἐξ
1439 3140 1534 3222 ἀφρο-

346 3243 467 3318 δισίων,
501 3243 553 3307 καί
582 3241 705 3321 ἀμεινων
731 3245 788 3321 μέν
818 3247 862 3323 μη
890 3244 1071 3326 ρωμνάζενν.
1120 3245 1225 3310 Stulte
1256 3243 1398 3309 abundat
1426 3245 1482 3310 καί
1504 3252 1535 3310 et

347 3346 528 3432 requiritur
562 3346 694 3412 verbum
733 3347 817 3432 quod
849 3368 887 3413 ex
920 3350 945 3414 εί
981 3347 1207 3434 suspendatur.
1266 3349 1392 3414 Nemini
1429 3351 1535 3425 enim,

347 3471 460 3538 spero,
495 3452 600 3517 veniet
632 3452 664 3517 in
698 3460 838 3518 mentem
874 3452 1001 3539 ellipsin
1033 3453 1204 3539 quamdam
1230 3455 1264 3518 in
1293 3453 1326 3518 h.
1351 3453 1370 3517 Ι.
1404 3454 1534 3520 commi-

347 3558 430 3623 nisci
467 3576 504 3622 ac
544 3560 625 3644 ferri
652 3578 742 3644 pesse
776 3567 899 3644 putare.
926 3570 928 3574 ’
955 3558 1119 3624 Emenda:
1155 3560 1193 3624 Ei
1225 3560 1256 3624 δέ
1285 3557 1319 3636 ἐξ
1353 3561 1534 3642 ἀφροδισίων

347 3661 473 3740 ίίκοιεν
508 3661 633 3741 ἀμεινον
662 3662 720 3741 μέν
743 3664 808 3728 κτέ.
843 3662 1112 3748 quemadmodum
1146 3673 1233 3729 recte
1258 3663 1385 3751 legitur
1418 3684 1449 3750 p.
1471 3668 1534 3741 88,

347 3770 410 3833 16;
435 3768 505 3842 τοὺς
531 3768 562 3833 δέ
587 3765 622 3843 ἐξ
648 3767 829 3852 ἀφροδισίων
854 3767 1026 3844 ν’ίκοντας
1049 3768 1299 3850 γυμναζομένους
1322 3769 1420 3835 κλείω
1445 3768 1534 3848 ε’λέγ·

345 3871 402 3949 ξεν.

392 3975 502 4042 Obiter
523 3994 640 4060 repone
664 3997 695 4062 ρ.
714 3982 774 4054 90,
797 3981 826 4042 2.
861 3976 996 4045 sormam
1031 3981 1185 4046 Graecam
1217 3979 1479 4060 ταραύαρσύνοντι
1502 3980 1534 4044 in

346 4079 473 4146 verbis:
509 4085 716 4157 ’Λγωννάντες
741 4083 772 4148 δὲ
794 4085 928 4159 ἀθληταί
959 4086 1182 4167 ίερατειιέσίων
1212 4087 1270 4165 μέν
1295 4084 1347 4150 καί
1373 4085 1431 4160 τάς
1457 4085 1534 4163 pnt-

345 4211 410 4267 μας
431 4185 515 4269 λύγῳ
549 4188 913 4268 σαραύρασύνοντί
943 4216 978 4255 τε
1003 4190 1113 4264 αὐτοὺς
1139 4192 1192 4257 καί
1219 4189 1407 4272 ταριςάντν,
1432 4190 1535 4256 Pltilo·

346 4300 470 4358 stratus
496 4292 582 4358 enim
609 4293 776 4373 ίαροαλέος
810 4293 951 4360 scribere
986 4295 1086 4371 solet,
1118 4315 1181 4360 trun
1213 4296 1395 4378 ίαρραλέος,
1427 4297 1537 4382 itaque

345 4418 404 4466 nec
428 4395 676 4480 παραθαρρύνειν.
731 4399 865 4485 Reliqua
896 4399 987 4485 plane
1020 4408 1096 4465 suut
1119 4400 1289 4477 ἀδιανόητα
1321 4409 1352 4468 et
1384 4401 1535 4466 absurda.

391 4505 476 4570 [litos
498 4503 584 4569 locos
610 4503 724 4572 leniter
757 4511 885 4572 tantum
915 4503 1045 4571 allectos
1073 4504 1234 4574 adiiciam.
1282 4507 1412 4574 Excidit
1444 4526 1534 4592 prac-
