3270 5190
818 388 844 456 7.

233 562 427 631 Philostrato
450 584 467 630 a
492 564 587 653 Myua
609 565 803 634 attributum
832 567 967 634 alteri-us
996 568 1057 633 loei
1088 568 1139 635 uhi
1173 567 1276 636 eidem
1306 568 1420 656 eulpae

232 666 337 734 affinis
368 676 417 736 est
453 670 578 737 Editor.
628 672 761 759 Legitur
795 693 825 759 p.
849 677 910 739 72:
947 673 1112 756 Τίοοονδρον
1147 675 1178 741 δὲ
1211 677 1263 741 τὸν
1297 675 1331 740 ἐκ
1364 684 1420 751 τῆς

230 773 339 851 Nolito
363 775 483 852 κήκτήν
508 776 575 859 περὶ
599 778 643 844 roi
664 780 837 861 οὶκρνοτήροοο
856 786 913 853 νής
944 781 1033 857 νήοον
1057 781 1228 846 νοοίοντκ
1258 779 1419 861 rapitrap-

231 903 285 944 πον
314 881 348 945 ui
371 889 475 963 χεῖρες
503 883 553 947 ἐπὶ
570 881 660 949 ,πολὺ
683 890 740 959 τῆς
765 881 947 961 detularat,
981 903 1062 968 quae
1086 893 1122 950 ut
1146 885 1212 950 viui
1235 885 1345 950 statim
1371 885 1418 950 in·

230 980 339 1048 tellexi
363 984 470 1050 νέοντον
494 1007 564 1053 esse
586 986 806 1065 scribendum,
834 987 865 1052 id
887 995 936 1053 est
960 987 1128 1070 νηχόμενον
1150 997 1308 1055 notoatem
1331 988 1419 1054 eirea

230 1090 450 1172 promontoria
473 1090 562 1156 Naxi.
613 1091 800 1158 Scribarum
829 1091 989 1178 llagitium
1018 1113 1087 1158 esse
1110 1091 1286 1179 putabam,
1312 1092 1419 1180 qualia

132 1246 135 1252 Δ
230 1202 381 1259 sexcenta
416 1198 621 1264 committere
655 1197 758 1264 solent
794 1219 939 1285 eampum
981 1199 1098 1264 πκιδίον
1133 1197 1351 1281 appellantes,
1387 1207 1420 1264 et

229 1298 495 1378 misericordium,
518 1300 619 1368 ἔκκοον
640 1312 671 1368 et
693 1302 832 1388 plurima
853 1302 915 1367 alia
939 1300 1172 1368 eiusdemmodi
1187 1302 1218 1366 in
1239 1300 1332 1367 lihris
1353 1321 1418 1366 om-

229 1403 335 1470 nihus.
384 1404 549 1472 Fallehar:
574 1407 679 1472 νέοντο
703 1415 751 1472 est
775 1408 807 1471 in
829 1406 943 1473 Codice
964 1415 996 1472 et
1017 1409 1048 1472 in
1072 1405 1270 1492 apographo;
1294 1407 1418 1472 νκίοντκ

229 1530 269 1572 eae
292 1511 504 1575 emendatione
523 1509 665 1576 Editoris
690 1511 901 1576 substitutum
927 1520 998 1591 est,
1022 1512 1077 1597 qui
1100 1510 1207 1576 locum
1231 1511 1278 1576 sio
1300 1513 1417 1577 vertit:

230 1614 293 1680 »Le
318 1614 426 1700 pugile
452 1615 631 1694 Tisandro,
664 1616 703 1683 de
732 1616 858 1693 NaxoS,
892 1619 947 1703 qui
972 1617 1103 1683 huhitoit
1133 1618 1208 1702 pres
1236 1615 1314 1681 d'un
1346 1636 1417 1702 pro-

230 1720 388 1787 montoire
416 1719 454 1786 de
483 1729 567 1787 eelte
591 1718 666 1787 ile.”
714 1721 817 1803 Quam
848 1723 991 1788 suaviter
1015 1721 1158 1788 riderent
1189 1721 1271 1788 Galli
1301 1729 1418 1788 ntorta·

228 1823 308 1889 lium
333 1824 557 1892 facundissimi
579 1828 610 1892 si
636 1828 709 1913 quis
734 1828 766 1891 in
793 1827 913 1894 Gallica
937 1828 1083 1893 oratione
1108 1826 1345 1893 diversissimae
1368 1846 1417 1892 ae-

227 1929 303 1995 tatis
328 1930 480 1998 voeabula
505 1933 552 1999 sie
585 1933 816 2019 permisceret,
848 1940 879 1998 et
903 1953 998 2018 quam
1027 1931 1214 2018 plumbeum
1250 1951 1324 1998 eum
1349 1951 1418 1998 esse

228 2037 259 2099 in
292 2034 403 2121 lingua
434 2045 466 2103 ot
503 2038 621 2104 litteris
652 2038 720 2102 suis
753 2039 824 2103 iure
858 2039 1092 2104 existimarent.
1144 2037 1220 2103 Fuit
1250 2039 1284 2103 in
1318 2036 1420 2103 Gallia

226 2141 433 2225 pereruditus
468 2144 518 2208 vir
554 2153 586 2210 et
623 2143 878 2220 disertissimus,
922 2143 977 2228 qui
1013 2142 1224 2208 Menandrum
1263 2140 1416 2224 ἄνθρωπος

227 2246 333 2312 ulna
373 2246 501 2313 induxit
536 2247 707 2315 dicentem.
754 2246 844 2314 Idem
872 2256 980 2313 tamen
1013 2247 1188 2313 dictionem
1212 2246 1417 2313 Pindarioam

227 2370 300 2416 euin
326 2351 502 2442 Aeschyleo
535 2353 768 2435 facundissime
797 2354 997 2440 composuit:
1034 2352 1090 2419 sed
1121 2353 1243 2419 mirum
1271 2373 1335 2418 non
1368 2362 1417 2419 est

226 2457 312 2522 viros
336 2458 369 2522 iu
394 2457 480 2523 huno
505 2459 635 2525 modum
664 2458 859 2525 eonlundere
893 2460 1022 2538 omnia,
1055 2479 1154 2545 quum
1180 2459 1298 2525 sintin
1329 2460 1416 2525 iuve-

226 2560 283 2625 nili
309 2563 514 2631 iuslltutione
537 2566 645 2630 omnia
670 2574 736 2631 tam
761 2564 898 2632 mirifice
924 2565 1068 2631 eonlusa.
1117 2564 1169 2631 Sic
1188 2585 1252 2630 uon
1273 2564 1417 2629 animad-

224 2673 356 2733 vertunt
379 2669 446 2750 περὶ
475 2671 525 2736 τοὶ
552 2671 782 2752 ἀκρωτήριον
812 2680 867 2747 τῆς
894 2674 983 2749 νήσου
1007 2691 1077 2737 esse
1100 2691 1162 2736 non
1184 2690 1296 2757 posse:
1322 2671 1417 2757 »pres

224 2772 299 2837 d'ua
320 2776 531 2857 promontoire
555 2774 594 2841 de
617 2784 701 2842 oette
724 2773 806 2854 ile,’'
831 2796 906 2841 nam
937 2775 1033 2842 simul
1057 2779 1234 2842 sensissent
1264 2775 1334 2842 lieri
1352 2797 1416 2843 nou

224 2879 367 2961 potuisse
388 2886 424 2944 ut
450 2879 606 2946 Tisander
630 2881 716 2945 eirea
740 2880 820 2945 Naxi
842 2882 1054 2967 promontorio
1078 2880 1249 2946 habitaret.
1298 2880 1414 2961 Quam-

225 3001 318 3066 quam
352 2991 384 3050 et
417 2984 497 3051 illud
533 2987 639 3071 ipsum
674 2985 763 3068 περὶ
794 2986 976 3068 οέκροτήροον
999 2987 1089 3051 οἰκεῖν
1120 2985 1260 3052 ioculare
1284 2994 1350 3065 est,
1386 2988 1414 3053 si

223 3089 296 3172 quis
328 3087 387 3154 hoo
421 3092 546 3175 agitet
577 3091 698 3176 cogitat
728 3110 791 3177 quo
816 3111 912 3156 sensu
938 3091 1006 3174 περί
1040 3093 1072 3156 in
1106 3092 1162 3157 tali
1194 3111 1229 3158 re
1265 3092 1415 3171 dicatur,

224 3213 362 3280 naurqne
384 3196 464 3262 nihil
492 3197 600 3262 minus
625 3196 786 3281 signifieat
812 3216 909 3283 quam
945 3197 1036 3283 »pris
1060 3197 1137 3263 d'un
1161 3200 1413 3284 promontoire.'’

223 3297 281 3363 Ubi
308 3308 416 3367 autem
440 3302 554 3368 Editor
578 3302 684 3367 νέοντο
709 3304 741 3368 in
767 3303 892 3369 νκίοντον
917 3304 1076 3381 mutavit,
1101 3303 1210 3369 eadem
1237 3324 1332 3391 opera
1351 3303 1417 3370 luel.

223 3407 416 3472 sententium
442 3407 535 3494 plane
557 3407 786 3492 pessumdedit.
834 3408 1048 3474 Philostratus
1069 3418 1257 3475 narraverat
1281 3410 1414 3484 Veteres

222 3510 266 3574 nil
292 3512 323 3577 in
357 3512 490 3580 athletis
513 3523 674 3599 spectasse
699 3521 827 3600 praeter
855 3512 972 3580 rohur:
1005 3516 1174 3591 ήνννκοιοοὶ
1208 3515 1411 3604 (yvpinpah)

222 3617 284 3682 οὐδ’
309 3617 480 3697 ἐγίγνωσκε
505 3622 612 3699 κροῖονν
628 3619 718 3685 titud
739 3619 833 3699 μόνήν
855 3622 910 3696 τήν
930 3621 1042 3702 ἰσχύν,
1069 3640 1143 3685 uam
1168 3620 1215 3685 sio
1240 3619 1412 3705 legendum

222 3720 362 3789 arbitror
389 3724 492 3791 deleto
517 3722 700 3806 ἐρύρνκζο,
737 3725 821 3811 quod
846 3746 883 3791 ex
914 3727 1062 3812 sequenti
1097 3724 1250 3790 vooahulo
1274 3727 1412 3806 ἐννρνοί·

221 3829 304 3909 ζοντο
331 3850 498 3917 perperam
523 3839 571 3898 est
599 3828 638 3896 ab
670 3830 802 3897 Editore
834 3832 1019 3917 repetitum.
1068 3830 1188 3896 Belnde
1213 3830 1258 3896 ita
1284 3834 1410 3918 pergit:

221 3936 431 4019 ἑννρονοέζοντο
462 3937 493 4002 δὲ
517 3939 542 4002 oi
567 3938 624 4017 μὲν
649 3934 732 4018 nixis
763 3936 906 4019 Φέροντες
931 3940 984 4004 οὐκ
1014 3935 1132 4021 εὔφορον
1157 3939 1222 4003 uri.
1250 3939 1338 4028 (nam
1362 3959 1411 4005 re·

221 4043 394 4109 secandum
421 4050 470 4110 est
498 4045 523 4108 oi
559 4043 692 4116 νοκκκοοί
722 4040 761 4107 ah
785 4042 915 4109 uditore
949 4043 987 4109 de
1021 4064 1079 4109 suo
1104 4043 1263 4110 inutiliter
1287 4053 1361 4111 ante
1384 4048 1410 4112 oi

219 4146 276 4225 μέν
301 4148 473 4238 insertum)
499 4158 531 4215 et
555 4155 667 4214 narrat
695 4148 941 4234 quibusmodis
970 4149 1188 4238 Polymestor‚
1221 4150 1411 4239 Polydamas

219 4251 338 4337 aliique
362 4263 486 4320 veteres
519 4273 636 4341 eorpus
671 4255 887 4320 exercuerint.
938 4256 1019 4320 Tum
1055 4254 1248 4321 Tisaudrum
1278 4275 1411 4324 narrare

219 4356 334 4444 incipit
364 4361 447 4427 circo
476 4358 563 4426 Noai
582 4361 795 4445 promontorio
826 4369 935 4426 autore
966 4360 1095 4427 solitum
1127 4382 1164 4426 eo
1196 4381 1353 4429 manuum
1378 4374 1411 4430 et

219 4465 363 4552 eorporis
387 4467 540 4536 exercitio
563 4485 659 4534 usum
692 4487 776 4536 esse
820 4468 933 4557 ltaque
956 4468 1012 4555 qui
1041 4487 1079 4535 ex
1109 4467 1159 4535 his
1189 4470 1317 4538 rtotundi
1342 4490 1411 4539 ver·
1442 4553 1443 4557 Ἰ
