3270 5190
958 440 1001 503 80

378 606 460 674 lallit
485 615 540 672 aut
562 605 694 673 fallitur.
743 608 923 675 Plurimum
952 613 1039 678 enirn
1066 611 1175 687 abest,
1209 619 1244 676 ut
1267 609 1320 675 illa
1351 611 1421 678 laus
1446 606 1595 681 constas

378 712 427 779 vel
449 720 512 786 τοῖς
538 713 773 787 Ἑλλανοδίκαις
796 713 843 780 rel
866 715 926 792 iis,
964 717 1020 800 qui
1045 715 1211 805 Olympiae
1235 713 1273 780 de
1296 715 1402 801 palma
1427 730 1569 786 uertere·

378 826 467 886 runt.
515 817 630 884 Notum
663 826 711 884 est
737 828 857 904 quanta
881 819 956 885 olim
990 820 1087 887 luerit
1112 821 1183 887 laus
1207 821 1348 887 iustitiae
1372 828 1403 887 et
1424 827 1568 909 aequita-

378 925 442 1001 tis,
474 942 537 1008 qua
563 921 714 989 llorerent
738 927 763 990 οῖ
789 925 1018 991 Ἑλλανοδίκαι.
1068 928 1234 993 Venerunt
1259 925 1298 991 ad
1323 926 1482 991 Psammin
1508 928 1565 992 Ae-

378 1029 469 1117 gypti
495 1048 601 1113 regem
629 1028 723 1118 (teste
747 1028 967 1096 Herodotoll.
998 1033 1084 1120 160.)
1120 1032 1250 1097 Ἠλείων
1274 1029 1379 1111 ἄνδρες
1401 1031 1565 1112 αὐχέοντες

378 1134 563 1200 δικαιότατα
597 1135 649 1199 καί
676 1134 816 1204 κοίλλιςα
840 1135 952 1202 τιθέναι
979 1137 1031 1203 τθν
1055 1138 1085 1202 έν
1115 1136 1279 1218 Ὀλυμπίρ
1307 1137 1427 1213 οέγῖννα.
1475 1136 1568 1201 Grae-

379 1259 514 1318 corum,
539 1239 593 1324 qui
619 1236 750 1303 laudum
780 1260 912 1305 suarum
944 1242 1077 1306 minime
1099 1247 1175 1306 suut
1197 1237 1449 1319 detrectatores,
1477 1259 1571 1304 nemo

379 1341 573 1429 obloquitur.
621 1344 728 1409 Etiam
753 1346 917 1431 sequiores
941 1345 1227 1412 Hellanorlicarum
1253 1346 1448 1429 aequitatem
1483 1364 1571 1410 sum·

380 1449 443 1513 nris
468 1447 624 1514 extollunt
655 1448 815 1515 laudibus.
862 1450 995 1516 Dionem
1033 1451 1298 1539 chrysostomum
1325 1448 1396 1515 virle
1429 1450 1463 1513 in
1488 1448 1570 1513 ero·

380 1553 471 1620 diana
506 1573 536 1639 p.
560 1557 624 1618 544
657 1575 704 1641 sq.
741 1560 773 1620 et
805 1553 880 1620 audi
913 1555 1142 1621 philostratum
1168 1555 1200 1620 in
1235 1556 1300 1618 rita
1334 1553 1492 1639 Apollonii
1517 1552 1569 1617 lV.

381 1663 433 1726 29.
462 1678 491 1743 p.
516 1663 600 1725 169:
632 1662 657 1725 οἱ
682 1663 803 1734 ἨλεῖοιΙ
828 1669 913 1739 μεῖον
946 1662 1027 1727 οὐδὲν
1054 1662 1071 1738 θ
1095 1663 1121 1727 οἱ
1145 1660 1362 1739 ἀγωνιούμενοι
1387 1667 1445 1725 τῶν
1472 1659 1569 1733 οὶθλκ·

374 1770 438 1831 τῶν
462 1764 611 1845 κρίνεσθαι
634 1762 722 1846 ᾤοντο
747 1766 799 1830 καί
819 1767 891 1844 μήθ’
916 1768 1035 1840 έκθντες
1059 1793 1090 1832 τι
1113 1769 1188 1845 μέτ’
1212 1765 1340 1838 ύοκοντες
1366 1764 1568 1846 οἱμαρτοένειν.

380 1873 488 1954 itaque
513 1868 553 1934 iis
577 1868 698 1953 aliquid
722 1869 827 1936 laudis
859 1871 1045 1957 Apollonius
1070 1872 1256 1957 impertitur
1278 1871 1356 1936 satis
1380 1870 1568 1954 anrbiguae;

380 1972 464 2038 idem
478 1970 606 2038 eosdem
632 1973 758 2060 oblique
782 1975 867 2041 rodit
879 1977 932 2042 lll.
948 1983 1001 2043 30.
1027 1998 1057 2064 p.
1074 1981 1150 2042 121.
1176 1974 1272 2041 simul
1295 1974 1411 2041 doeens
1431 1994 1484 2040 eos
1503 1995 1565 2039 non

378 2079 531 2161 οῖριςίνδνρν
554 2077 654 2144 leutos
686 2079 742 2146 setl
774 2090 860 2148 sorte
892 2081 1005 2148 ductos
1037 2101 1122 2149 esse:
1157 2083 1255 2163 κλθρῳ
1283 2079 1346 2161 γθορ
1369 2078 1564 2161 ξυγχωροῦσι

379 2185 434 2260 τὴν
459 2182 571 2266 αἵρεσιν
598 2185 669 2274 (τῶν
692 2187 940 2277 Ἑλλανοδικῶν).
989 2188 1057 2253 Nou
1090 2185 1217 2272 illepide
1248 2185 1346 2270 Agis,
1369 2183 1411 2283 tle!
1435 2203 1497 2268 quo
1520 2183 1567 2247 ila

381 2289 494 2356 scribit
519 2290 711 2356 Plutarchus
736 2292 767 2357 in
805 2293 951 2380 Lyeurgo
984 2312 1053 2378 cap.
1076 2291 1151 2357 XX:
1171 2289 1270 2370 Ἆγις
1295 2290 1497 2355 ἐπαινούντων
1524 2312 1567 2352 τι·

381 2402 435 2461 νῶν
459 2395 528 2469 τοὺς
553 2397 691 2470 Ἠλείους
724 2399 762 2468 ὡς
783 2405 886 2470 καλῶς
910 2398 953 2463 τέο
978 2398 1145 2474 Ὀλύμπιοι
1176 2396 1228 2461 καί
1253 2395 1375 2469 δικαίως
1405 2391 1568 2472 ἄγοντας·

381 2501 433 2567 καὶ
453 2502 486 2567 τί
504 2501 607 2579 μέγα,
633 2501 712 2584 iqua,
736 2506 851 2567 Ἠλεῖοι
878 2501 1018 2590 (Ἀλεῖοι)
1043 2507 1176 2567 ποιοῦντι
1199 2502 1236 2566 δι’
1261 2503 1335 2566 ἐτῶν
1354 2497 1446 2564 πέντε
1466 2496 1569 2580 οέμέριρ

380 2613 440 2691 μιρῖ
464 2607 613 2687 χρώμενοι
637 2614 679 2691 τρῖ
709 2607 896 2691 δικαιοσύναι.
946 2607 1114 2692 Sapienter
1143 2613 1250 2671 tamen
1283 2604 1432 2692 Aegyptii
1466 2602 1567 2669 Hellu-

382 2711 513 2777 nodicas
542 2709 817 2796 reprehenderunt
848 2711 931 2798 apud
957 2711 1152 2777 Herodotum
1174 2711 1215 2777 ll.
1245 2715 1319 2776 160.
1352 2706 1398 2775 θτι
1428 2712 1484 2790 σφι
1513 2706 1565 2770 καὶ

380 2819 407 2883 οῖ
431 2823 575 2892 πολιῆται
609 2817 855 2899 ἐναγωνίζονται.
912 2818 1087 2883 Verissime
1114 2837 1167 2882 eos
1200 2814 1439 2882 adrnonuerunt
1470 2815 1495 2878 si
1522 2811 1567 2876 ita

383 2922 524 2988 lacerent
559 2922 704 3001 οὐδεμίαν
738 2918 815 2989 εἶναι
851 2923 998 3004 μηχανὴν
1022 2919 1096 2996 ύκως
1132 2925 1164 2987 οὐ
1189 2925 1230 3003 τῷ
1263 2923 1328 3003 cisni
1357 2917 1569 2999 ἀγωνιζομένῳ

383 3028 600 3110 προσθήσονται
625 3027 796 3102 οίδικέοντες
820 3029 872 3095 τὸν
902 3027 1009 3106 ξεῖνον.
1058 3028 1093 3092 lu
1118 3035 1208 3093 tauto
1238 3046 1373 3092 numero
1407 3024 1570 3112 Olympio-

382 3134 552 3210 nicarum,
578 3133 632 3218 qui
656 3133 687 3197 in
710 3133 801 3199 Elide
824 3135 891 3198 nati
916 3143 1008 3212 sunt,
1042 3130 1204 3219 probabile
1225 3140 1273 3197 est
1306 3128 1570 3204 νΗοίίονοθίοσε,

382 3246 416 3302 ut
439 3246 510 3300 snat
541 3237 697 3312 bumana,
731 3259 963 3326 nonnumquam
992 3238 1033 3303 οιί
1064 3238 1198 3323 pretinm
1226 3245 1254 3303 et
1284 3235 1443 3302 libidinem
1478 3253 1568 3294 suurn

383 3343 485 3430 potius
506 3351 658 3427 spectasse
681 3363 774 3428 qnam
795 3345 871 3429 qnid
893 3345 943 3407 ins
967 3354 995 3409 et
1021 3363 1153 3428 aequum
1175 3338 1398 3426 postularent’'
1425 3343 1460 3402 ut
1484 3333 1566 3399 indi·

385 3454 436 3512 cat
458 3445 708 3512 Valckenaerius
732 3446 771 3512 ad
796 3447 910 3514 Herod.
937 3447 956 3513 l.
978 3447 998 3513 l.
1047 3447 1148 3513 Unius
1168 3446 1290 3512 fraudis
1308 3443 1346 3509 de
1366 3460 1483 3527 genere
1507 3439 1568 3504 lior.

384 3561 530 3618 tenemus
551 3572 604 3616 eos
628 3551 823 3618 manifestos.
871 3554 1007 3619 Factum
1034 3559 1083 3619 est
1103 3551 1291 3640 Olympiade
1310 3548 1412 3615 XCVI.
1438 3555 1475 3612 ut
1496 3565 1570 3610 oon·

384 3656 552 3723 tenderent
575 3656 613 3723 de
636 3657 742 3743 pulum
770 3659 855 3724 Λέων
885 3659 1126 3741 Ἀμπρακιώτης
1156 3666 1188 3723 el
1218 3656 1401 3732 Εύπθλεμος
1425 3656 1569 3728 Ἠλεῖος,

384 3763 422 3829 de
446 3782 508 3848 qua
541 3782 576 3828 re
605 3763 650 3828 ita
671 3763 782 3828 scribit
812 3765 986 3829 Pausanias
1005 3764 1059 3842 Vl,
1084 3784 1128 3829 nr.
1155 3768 1194 3829 7:
1219 3762 1350 3840 λέγεται
1379 3761 1410 3825 δὲ
1435 3762 1473 3832 ὡς
1496 3760 1567 3838 ε’φε·

383 3871 501 3945 ςιίκοιεν
525 3878 605 3950 τρεῖς
629 3870 680 3935 ἐπὶ
704 3873 746 3952 τῷ
776 3869 871 3952 δρύμιρ
900 3871 1137 3945 Ἑλλανοδίκαι,
1163 3871 1250 3933 νικοῖν
1273 3868 1303 3933 δέ
1327 3869 1369 3948 τῷ
1391 3865 1446 3943 μέν
1469 3863 1568 3927 Εὐπο-

382 3973 468 4055 λέμῳ
489 3973 539 4038 δύο
569 3972 604 4049 ἐξ
626 3976 726 4040 αὐτῶν
753 3976 850 4050 δοῖεν,
885 3977 898 4041 ὁ
923 3978 1021 4057 τρίτος
1049 3976 1080 4040 δέ
1103 3972 1326 4054 Ἀμπρακιιίτις
1356 3970 1487 4044 Λέοντι,
1519 3966 1570 4032 καί

383 4082 421 4152 ὠς
445 4077 616 4160 χρομοίτων
648 4080 894 4145 καταδικοίσαιτο
922 4083 935 4147 ὁ
960 4082 1045 4147 Λέων
1070 4079 1120 4144 ἐπὶ
1144 4085 1199 4153 τοῖς
1223 4078 1425 4153 Ὀλυμπικῆς
1454 4077 1570 4154 βουλῆς

383 4185 526 4266 ἑκατέρου
547 4192 605 4249 τῶν
630 4185 874 4265 Ἑλλανοδικῶν,
897 4182 924 4252 οἳ
947 4191 1032 4252 νικοῖν
1055 4183 1239 4262 Εὐπόλεμον
1269 4180 1418 4260 ἔγνωσαν.
1468 4180 1572 4264 Atque

384 4290 416 4355 hi
442 4290 596 4377 quidem,
621 4291 676 4376 qui
701 4289 870 4357 mamilesto
893 4293 935 4374 τῷ
959 4295 1024 4373 οίςῷ
1054 4287 1269 4370 ἀγωνιζομένῳ
1301 4286 1477 4368 προσέθεντο
1508 4283 1573 4349 οῖδιι

383 4403 505 4470 κοῖνντες
529 4398 581 4462 τὸν
601 4395 699 4474 ξένον,
726 4396 876 4484 perfidiae
901 4416 1016 4483 poenas
1040 4393 1220 4470 dederunt,
1243 4391 1439 4476 Eupolemus
1465 4399 1572 4455 tamen

385 4503 415 4566 in
442 4502 539 4567 lastos
563 4502 684 4568 relatus
708 4512 766 4569 ost.
817 4504 951 4588 Legitur
975 4501 1059 4567 enim
1086 4501 1115 4564 ἐν
1140 4510 1178 4584 τῇ
1202 4501 1374 4581 ἀναγραφῇ
1401 4495 1440 4562 ad
1465 4492 1573 4581 Olym-
