3270 5190
920 449 962 511 ct

343 611 386 688 οῖς
411 615 471 685 ἕςιν
496 613 557 687 ἑνός
582 614 766 688 ἀπειπόντος
794 618 1023 700 διαβεβλῆσθαι
1054 622 1108 695 την
1133 616 1282 700 Σποίρτην
1303 620 1340 690 ὥς
1370 619 1415 696 μη
1439 615 1538 700 adpo·

343 744 410 802 χοι.
458 718 612 804 Compara
647 740 719 785 cum
756 721 806 786 his
839 745 920 809 quae
953 725 1080 811 collegit
1116 721 1348 810 Wyttenhach.
1386 722 1426 786 ad
1461 722 1537 787 Plu·

343 823 449 889 tarchi
480 824 588 889 Moral.
623 845 653 911 p.
680 828 754 892 tae.
781 827 816 892 ll.
864 828 1029 915 Imprimis
1060 827 1124 893 huc
1158 826 1236 893 iacit
1268 826 1358 892 lucus
1394 825 1537 892 Senecae

343 927 383 994 de
407 927 514 995 Benel.
539 929 576 994 V.
604 934 644 994 3:
679 929 917 998 Lacedaemonii
946 943 1049 1018 vetent
1081 954 1151 997 suos
1170 932 1333 1018 pancratio
1353 940 1408 995 out
1431 939 1538 996 caestu

343 1035 508 1100 decernere
531 1034 585 1099 ott
604 1035 785 1120 inferiorem
810 1039 942 1103 ostendit
964 1039 1037 1104 uicti
1056 1037 1218 1124 confessio.
1265 1034 1438 1119 Eleganter
1462 1033 1537 1098 Plu·

346 1138 477 1204 tarchus
503 1139 534 1203 in
557 1138 705 1226 Lycurgo
738 1161 806 1226 cap.
831 1145 884 1207 Ἡ.
909 1148 1015 1208 ταῦτα
1038 1141 1119 1221 μόνα
1142 1141 1368 1222 ἀγωνίζεσθαι,
1404 1140 1443 1203 ἐν
1477 1135 1536 1211 οἷς

343 1243 428 1324 χείρ
460 1246 524 1309 οὐκ
556 1245 845 1323 οῖνατείνεται,
878 1266 1017 1333 namque
1045 1245 1200 1312 hocerat
1231 1245 1345 1310 victum
1377 1264 1410 1308 se
1441 1243 1537 1328 confi-

344 1347 412 1412 teri.
1486 1419 1490 1425 ⁵

391 1451 482 1533 Quod
513 1452 625 1520 scribit
658 1452 870 1520 Philostratus
903 1476 934 1541 p.
961 1460 1022 1532 16,
1047 1462 1088 1522 3:
1120 1452 1208 1530 πόλη
1241 1455 1273 1520 δὲ
1296 1492 1341 1503 -
1363 1457 1403 1526 ὡς
1435 1455 1467 1524 ἐς
1500 1454 1537 1519 τὸ

300 1616 301 1619 ,
345 1557 513 1640 πρόσφορον
537 1559 579 1640 τῷ
612 1559 737 1640 πολέμῳ
761 1557 885 1640 εὕρηται
911 1569 1026 1642 πρῶτον
1050 1563 1106 1639 μὲν
1131 1561 1219 1635 δηλοῖ
1244 1560 1279 1624 τὸ
1303 1561 1467 1640 Μαραθῶνι
1492 1557 1538 1638 ἕρ-

345 1686 400 1741 pov
424 1699 468 1710 —
492 1661 626 1744 δεύτερον
651 1665 739 1729 δὲτὸ
763 1664 793 1728 ἐν
820 1664 1060 1745 Θερμοπύλαις,
1085 1673 1135 1730 est
1158 1684 1272 1749 operae
1305 1664 1446 1749 pretium
1471 1670 1536 1727 ter·

324 1768 426 1831 tium
452 1765 503 1830 his
528 1786 686 1852 apponere
710 1788 747 1833 ex
772 1767 936 1833 Plutarchi
964 1768 1181 1856 Symposiacis
1205 1768 1246 1833 ll.
1271 1789 1301 1834 v.
1328 1772 1369 1833 6:
1394 1773 1453 1832 τῶν
1473 1791 1538 1845 μα·

345 1871 483 1955 χομίνων
508 1877 622 1952 πρῶτον
635 1869 720 1953 ἔργον
741 1873 785 1942 tet
809 1874 844 1938 τὸ
867 1872 1011 1950 πατοίξαι
1024 1913 1083 1950 -,
1104 1875 1239 1954 δεύτερον
1261 1873 1292 1937 δὲ
1314 1871 1536 1951 συμπεσόντας

346 1977 399 2052 ἤδη
424 1975 477 2040 καὶ
493 1974 673 2055 γενομὲνους
696 1978 725 2040 ἐν
748 1978 855 2058 χερσῖν
880 1981 1020 2056 ὠθισμοῖς
1043 2004 1077 2044 τε
1101 1981 1233 2060 χρῆσθαι
1258 1978 1310 2042 καῖ
1336 1985 1537 2058 περιτροπαῖς

344 2081 513 2158 αλλήλων,
549 2076 570 2162 ᾧ
601 2079 726 2158 μόλιςοί
751 2087 848 2164 Φασιν
873 2085 903 2148 ἐν
936 2083 1100 2164 Λεόκτροις
1133 2084 1201 2157 τοὺς
1235 2081 1440 2164 Σπαρτιοίτας
1476 2082 1537 2146 ὑπὸ

345 2192 403 2252 τῶν
428 2184 579 2268 ἡμετέρων
604 2194 798 2255 παλαιςικοῖι
822 2188 911 2254 όντων
940 2189 1202 2266 καταβιασθῆναι.
1249 2187 1342 2252 Iuvat
1368 2185 1472 2251 obiter
1496 2205 1536 2251 ex

345 2291 461 2356 ricinis
489 2289 661 2356 emendare
685 2291 783 2356 alium
811 2292 975 2358 Plutarchi
1008 2293 1113 2357 locum
1145 2293 1233 2378 turpi
1258 2311 1367 2357 errore
1396 2289 1535 2355 macula-

346 2403 426 2461 tum.
474 2392 639 2459 Praecedit
667 2397 684 2478 ὅ
708 2401 738 2460 5.
772 2398 856 2462 εἰδὲ
881 2397 1091 2476 Λακεδαίμονι
1117 2404 1180 2470 τοῖς
1208 2395 1373 2471 νενικηκόσι
1403 2396 1535 2478 ςεφανί·

344 2524 403 2571 τας
435 2497 742 2579 ἀγῶνας-ἐξαίρετος
767 2496 800 2574 ἦν
832 2503 863 2566 ἐν
885 2510 956 2575 ταῖς
989 2500 1186 2583 παρατόξεσι
1218 2504 1307 2583 χώρα
1338 2499 1405 2581 περί
1436 2501 1531 2566 αὐτὸν

345 2603 559 2683 τὸνβασιλέα
588 2605 793 2682 τεταγμένοις
821 2607 994 2687 μοίχεσθαι.
1042 2607 1200 2692 Compare
1236 2625 1309 2672 curu
1343 2604 1393 2670 his
1429 2606 1530 2670 vitam

345 2708 486 2794 Lycurgi
511 2727 580 2792 cap.
603 2711 664 2774 22:
688 2710 793 2792 ἐχώρει
818 2712 849 2776 δὲ
874 2712 886 2775 ό
908 2711 1061 2789 βασιλεὺς
1086 2711 1136 2775 ε’πῖ
1160 2712 1230 2784 τοὺς
1254 2710 1418 2789 πολεμίους
1448 2707 1531 2790 ἔχων

345 2817 413 2893 μεθ’
438 2814 545 2878 ἑαυτοῦ
571 2815 763 2896 στεφανίτην
787 2819 894 2893 dodra
916 2815 1113 2890 νενικηκότα,
1139 2817 1231 2903 quasi
1256 2835 1330 2880 vero
1354 2834 1408 2878 rex
1433 2834 1533 2877 unum

346 2927 472 2983 tantum
509 2937 547 2983 ex
582 2916 632 2982 his
667 2938 776 2985 secum
812 2919 954 2986 haberet.
1011 2921 1168 3006 Repetitis
1203 2928 1342 3008 quatuor
1376 2916 1531 2983 litterulis

347 3023 470 3088 scribe:
509 3024 577 3101 μεθ’
607 3024 716 3089 ἑαυτοῦ
753 3025 837 3101 τοὺς
873 3026 1064 3109 στεφανίτην
1096 3028 1206 3105 dedra
1247 3023 1531 3098 νενικηκότας.

346 3128 465 3193 Verum
489 3126 568 3192 haec
592 3126 704 3192 obiter.

389 3230 482 3296 Haud
506 3232 573 3296 scio
597 3250 637 3295 an
662 3252 736 3297 vera
762 3241 871 3299 narret
896 3234 1108 3300 Philostratus
1140 3255 1169 3320 p.
1196 3239 1257 3312 16,
1287 3240 1346 3300 16;
1381 3233 1532 3315 Παγκρό-

347 3360 410 3401 τιον
433 3334 486 3400 καῖ
512 3336 640 3414 πυγμὴν
664 3338 779 3403 decurri
803 3344 957 3422 ςεφανοῦν
981 3339 1073 3404 δεινόν
1101 3338 1263 3418 ἡγούμενοι
1295 3342 1346 3406 τόν
1372 3340 1531 3414 παλαιςην

347 3445 401 3507 οὐκ
423 3439 656 3508 ἀπελαύνουσιν.
704 3444 805 3510 Movet
831 3464 882 3510 me
906 3445 1044 3509 maxime
1074 3444 1250 3509 Pausaniae
1279 3446 1456 3510 auctoritas
1479 3443 1531 3508 Vl.

346 3567 387 3611 tu.
415 3553 444 3612 4.
471 3547 514 3611 iia
539 3545 730 3613 scribentis:
764 3555 818 3615 τοῦ
844 3539 1044 3630 παγκρατίον
1068 3549 1122 3623 την
1147 3549 1228 3623 νίκην
1258 3550 1330 3630 daho
1353 3550 1387 3614 ἐκ
1411 3559 1532 3614 Μαντι-

346 3652 428 3723 νείας
454 3651 592 3732 Δρομεὺς
617 3650 710 3732 όνομα
735 3661 849 3735 πρῶτος
874 3652 912 3719 ὧν
936 3654 1026 3733 ίσμεν
1053 3653 1209 3719 deortui
1242 3654 1373 3733 λέγεται
1393 3655 1530 3732 λαβεῖν,

346 3763 378 3821 et
402 3756 522 3820 iterum
544 3756 583 3821 V.
609 3776 672 3821 xxi.
705 3762 753 3823 14.
785 3760 827 3840 τῷ
852 3760 1034 3842 Ἡρακλείδη
1057 3760 1108 3824 τὸν
1137 3757 1271 3842 ςέφανον
1297 3759 1363 3847 (τῆς
1388 3755 1531 3842 πυγμῆς)

346 3864 492 3941 παριοῖσιν
516 3862 674 3928 οὶκονιτί.

392 3964 467 4046 Pag.
491 3968 553 4041 λθ,
579 3969 611 4030 5.
644 3964 699 4030 uhi
724 3965 850 4035 editur:
882 3972 1024 4052 Παρῆλθε
1045 3969 1076 4033 δὲ
1097 3971 1202 4032 ταῦτα
1224 3971 1285 4049 οὐχ
1316 3969 1391 4047 ipae
1423 3969 1532 4041 πιόντα

345 4069 388 4140 είς
412 4069 482 4141 τοὺς
514 4071 657 4147 οἰνῶνας,
690 4088 726 4134 ex
758 4076 941 4162 apographo
971 4082 1003 4141 et
1035 4071 1152 4139 Codice
1183 4075 1346 4154 παρελθεῖν
1376 4070 1534 4147 affertur,

346 4171 552 4258 quamohrem
590 4173 834 4259 rescripserim:
869 4181 1099 4261 Παρελθεῖν
1135 4175 1166 4241 δέ
1197 4183 1300 4260 φασι
1333 4183 1439 4243 ταῦτα
1472 4179 1534 4257 οὐχ

346 4278 421 4358 όμοῖ
445 4277 551 4345 πιόντα
576 4280 642 4346 κτὲ.
669 4288 706 4344 ut
730 4282 941 4371 scribitur‘p.
965 4287 1028 4358 Ph,
1058 4287 1118 4348 15:
1153 4282 1232 4348 Φασὶ
1264 4283 1315 4348 καῖ
1342 4283 1443 4349 παῖδα
1465 4281 1535 4348 πίν-

344 4427 456 4491 ταθλον
481 4428 643 4509 παρελθεῖν
665 4427 731 4495 ἐκεῖ
751 4433 815 4496 κτὲ.
841 4430 922 4496 duae
948 4429 1109 4497 litterulae
1132 4389 1181 4515 ᾧ,
1206 4429 1323 4517 quihus
1348 4435 1429 4512 Φασι
1455 4428 1536 4495 scri-
