3270 5190
793 449 830 508 51

223 617 275 682 κοῶ
300 621 352 683 οὐκ
376 618 437 695 ἐγὼ
461 619 518 697 μὲν
551 614 633 683 εἷπον
655 622 780 697 τκῶτκ,
816 622 889 699 ὑμῖν
913 622 940 688 δ’
964 622 1017 686 οὐκ
1037 619 1154 686 ἐδόκουν
1177 619 1262 699 ὀρθῶς
1285 617 1409 695 λέγειν,
1432 656 1433 659 =

223 731 255 787 et
286 723 405 809 passim
437 721 512 788 alili
544 720 774 788 Demosthenes
809 725 907 791 simili
939 725 1169 811 compositione
1192 723 1308 788 utitur.
1356 719 1410 785 Sic

223 833 254 892 et
275 827 447 905 Isocrates,
475 835 506 891 et
531 826 636 904 Plato,
658 834 689 892 et
713 830 910 914 quicumque
931 829 1125 914 elegantiore
1148 837 1179 893 et
1202 827 1411 914 exquisitiore

223 931 393 997 uerborum
429 940 595 997 structura
618 932 821 999 delectantur
852 944 883 1000 et
908 935 1088 1010 delectant,
1122 932 1224 998 solent
1256 951 1296 997 ex
1320 948 1411 1016 prae-

220 1036 319 1100 missa
341 1041 510 1122 negatione
537 1039 594 1112 οὐ,
621 1041 653 1103 οὐ
678 1037 761 1119 peip,
783 1041 815 1103 οὐ
839 1038 901 1119 γὰρ
923 1042 977 1116 δή,
1001 1043 1033 1105 οὐ
1059 1038 1122 1118 γὰρ
1146 1039 1241 1113 δήπου
1268 1036 1313 1099 ita
1341 1053 1410 1099 sns-

221 1139 360 1224 pendere
397 1140 477 1207 duas
521 1144 759 1209 enuntiationes
794 1142 928 1208 alteram
959 1145 1092 1208 aientem
1130 1143 1180 1230 (ut
1211 1137 1408 1226 appellant),

221 1245 354 1309 alteram
381 1257 549 1332 negantem
583 1249 757 1313 alacriter
781 1247 909 1312 dicatur
931 1255 961 1312 et
987 1247 1175 1312 ostendatur
1206 1266 1267 1310 non
1301 1245 1410 1309 minus

220 1352 381 1435 posterius
403 1370 498 1435 quam
521 1353 613 1436 prius
645 1371 757 1416 verum
794 1370 873 1415 csse.
921 1350 1010 1415 Addo
1035 1350 1141 1416 lacurn
1168 1369 1205 1415 ex
1239 1346 1411 1435 Hyperidis

221 1457 366 1519 oratione
387 1456 459 1534 ὑπὲρ
486 1455 681 1531 Εὐξενίππου
717 1458 734 1538 §
761 1458 823 1518 26:
861 1456 907 1519 Ori
932 1454 995 1536 γὰρ
1018 1456 1113 1532 δήπου
1136 1455 1332 1533 Ὀλυμπιάδι
1353 1452 1412 1530 μὲν

221 1558 264 1623 τῶ
287 1560 447 1634 Ἀθήνησιν
476 1559 542 1640 ἱεροὶ
569 1562 747 1660 ἐπικοσρρεῖν
779 1556 897 1635 ἔξεςιν,
931 1563 1003 1638 ἡμῖν
1025 1562 1056 1625 δὲ
1079 1559 1122 1624 τοὶ
1153 1561 1183 1623 ἕν
1211 1559 1337 1640 Δοιδῶνρ
1356 1559 1410 1622 οὐκ

222 1661 346 1740 ἕξὲςοιι,
370 1673 401 1727 et
428 1664 445 1747 §
469 1668 531 1728 28:
555 1665 607 1729 κοῶ
630 1667 662 1729 οὐ
687 1664 721 1728 σὲ
751 1664 808 1742 pto
829 1661 922 1738 οὕτως
946 1665 1046 1743 οῖὀρκκι
1075 1665 1136 1731 δεῖν
1159 1663 1329 1744 προέππειν,
1354 1665 1410 1728 ord·

222 1769 273 1841 πῶς
298 1768 330 1831 δὲ
351 1764 447 1832 ἄλλον
477 1768 547 1832 πινοδ
575 1769 683 1849 τρόπον
712 1778 751 1850 api
780 1769 922 1852 πολιτείρι
952 1771 1121 1850 κέχρκμοιι.
1170 1766 1280 1833 Obiter
1312 1764 1411 1831 redde

224 1872 435 1937 necessariam
457 1872 488 1935 in
516 1872 630 1939 taline
656 1871 800 1938 voculam
833 1873 947 1960 Lysiae
971 1874 1055 1939 Vlll.
1082 1879 1111 1939 7.
1146 1873 1212 1939 οὐδὲ
1232 1873 1295 1954 pap
1325 1872 1409 1951 ὑμῶν

222 1975 304 2063 (μὲν)
341 1975 542 2058 σοφωτάτους
575 1979 667 2060 ε’ῶρων
696 1976 811 2053 ducac,
846 1980 902 2057 ἐμὲ
935 1980 960 2043 δ’
988 1980 1209 2057 οῖμκθὲςοιπονς
1235 1985 1322 2041 reule
1346 1982 1409 2040 sla·
1495 2054 1496 2057 Ἴ

220 2084 278 2146 tim
315 2081 454 2166 legitur:
489 2084 551 2148 οὐδ’
585 2078 625 2147 ad
658 2083 740 2158 ὑμῶς
774 2083 831 2161 μὲν
868 2084 1179 2162 ὑπερευδοκιμοῦντας
1216 2083 1350 2159 ε’ροκυπδν
1378 2079 1409 2144 δὲ

219 2186 492 2266 διαβεβλημένον,
527 2187 593 2252 οὐδὲ
626 2187 667 2251 τῶ
698 2180 843 2264 alciae
874 2185 1052 2266 πρῶνμοιπκ
1088 2187 1296 2252 κινδυνεύονποι
1320 2184 1410 2250 τῶδ’

220 2292 356 2373 optume
381 2293 537 2373 οῖσφιιλῶς
570 2289 696 2371 ἔχονπκ.
746 2290 866 2356 Eadem
899 2292 1001 2376 igitur
1033 2291 1274 2377 compositionis
1307 2288 1411 2355 lorma

221 2396 435 2461 Philostratus
461 2415 538 2459 usus
558 2403 625 2470 ast,
661 2415 756 2481 quam
789 2395 901 2482 lllpnas
933 2397 1026 2482 plane
1059 2395 1243 2460 obscuravit
1278 2414 1315 2459 ac
1341 2413 1409 2479 per-

220 2500 302 2567 didit
327 2520 427 2586 qmrm
453 2507 616 2585 tamquam
642 2519 679 2564 ex
704 2498 818 2564 Codice
841 2500 1005 2566 exhiheret
1035 2521 1064 2586 p.
1090 2505 1151 2578 40,
1177 2503 1238 2565 le:
1263 2499 1315 2564 κιιῖ
1336 2499 1408 2578 πρὸς

219 2604 244 2671 δ’.
269 2603 363 2671 ὅπου
398 2606 474 2686 pop
503 2606 564 2669 δεῖ
591 2606 684 2668 κυνῶν
714 2605 824 2669 τεκνοῖ
857 2602 959 2671 ἵππιον
991 2612 1123 2672 τοιοῦτον
1153 2601 1229 2670 εἶνοιι
1265 2604 1408 2686 προσήκει

219 2712 336 2788 λόγον,
371 2710 470 2794 quum
500 2708 577 2774 lraec
608 2710 650 2773 sit
682 2708 780 2794 proba
808 2729 844 2774 ac
876 2712 1016 2793 genuina
1046 2712 1227 2795 scriptura:
1254 2759 1261 2774 .
1288 2760 1294 2773 .
1322 2759 1328 2772 .
1355 2706 1407 2772 acl

220 2817 293 2896 πρὸς
316 2811 334 2879 δ’
355 2838 395 2878 τι.
421 2818 457 2878 οὐ
483 2815 559 2894 γὰρ
584 2815 624 2888 δὴ
656 2819 747 2877 κυνῶν
775 2815 842 2891 μὲν
865 2816 917 2880 κοῶ
939 2812 1041 2879 ἵππων
1064 2820 1196 2880 τοιοῦτον
1216 2809 1292 2879 εἷνκι
1318 2836 1406 2890 προσ·

220 2924 285 2998 ἥκει
307 2919 531 2997 aipein,
556 2919 713 2997 ἀνθρώπων
733 2918 764 2981 δὲ
788 2919 929 2998 ῶκρίπους
953 2914 1052 2994 εἷνοιι,
1088 2918 1137 2990 οὓς
1167 2917 1215 2981 δεῖ
1236 2919 1265 2981 ἐν
1286 2921 1408 2994 Ὀλυμ·

220 3027 280 3108 alp
307 3024 359 3089 κκὶ
384 3023 480 3087 Πυθοῖ
511 3023 625 3087 alneto.
675 3023 852 3107 Tamquam
886 3021 987 3088 oculis
1020 3023 1183 3087 cernimus
1209 3015 1411 3107 quomodoi'

220 3154 261 3193 πι.
283 3132 315 3194 οὐ
340 3127 402 3208 γάρ
427 3126 543 3192 abierit
568 3127 600 3190 iu
623 3123 648 3192 ὅ.
673 3125 747 3192 ὅπου
779 3126 853 3208 peip.
903 3127 1081 3192 Verborum
1114 3127 1150 3204 δή
1174 3134 1204 3192 et
1229 3128 1278 3193 δεῖ
1297 3145 1407 3213 perpe·

220 3244 276 3298 tua
302 3239 351 3297 est
374 3233 408 3296 in
433 3231 525 3296 libris
546 3231 699 3297 conlusio.
748 3233 860 3318 ltaque
886 3234 933 3298 sic
961 3233 1000 3298 de
1024 3233 1201 3299 sententiae
1229 3251 1357 3298 summa
1374 3235 1408 3296 et

220 3336 474 3403 conforrnatione
490 3340 568 3403 satis
596 3345 730 3403 constat.
778 3338 942 3424 Frequens
964 3346 1011 3403 est
1031 3337 1085 3403 illa
1103 3337 1257 3403 Veterum
1277 3334 1408 3421 querela

220 3444 253 3506 in
279 3441 413 3507 canibus
435 3450 466 3507 et
494 3443 585 3527 equis
609 3441 795 3526 diligentius
823 3463 919 3527 quam
946 3444 977 3506 in
1008 3442 1193 3506 hominibus
1217 3459 1406 3525 generosam

220 3547 353 3633 stirpem
380 3555 410 3611 et
438 3545 574 3611 indolem
601 3549 737 3630 spectari
765 3546 875 3611 solere.
924 3546 1004 3611 Nota
1028 3553 1104 3610 sunt
1129 3543 1347 3630 Tlreognidea:

357 3653 461 3733 Κριοὺς
486 3652 542 3731 μὲν
565 3649 618 3716 κοῶ
642 3650 723 3724 ὅνους
746 3649 913 3730 διζήμενοι,
938 3651 1050 3732 Κύρνε,
1075 3650 1126 3715 κοιδ
1150 3647 1262 3724 ἵππους

401 3756 570 3835 εὐγενέοις,
595 3755 650 3820 κοιί
673 3780 720 3828 τις
744 3756 895 3835 βούλεται
920 3755 954 3832 ἐξ
977 3756 1101 3834 ῶνιινῶν

358 3863 528 3940 dicacem,
553 3871 656 3941 γῆμοιι
681 3862 711 3926 δὲ
736 3865 834 3937 κοινῶν
857 3869 952 3929 κοινοῦ
976 3865 1008 3928 οὐ
1032 3860 1208 3941 μελεδκίνει

402 3969 506 4042 ἐσθλὸς
531 3969 622 4048 ῶνιᾷρ,
647 3968 680 4044 ἤν
704 3970 729 4033 οἱ
752 3971 908 4050 χρὴμκποι
931 3968 1036 4036 πολλοὶ
1061 3968 1139 4051 διδῷ.

220 4073 274 4138 ubi
297 4072 415 4138 similia
440 4075 587 4159 apposuit
619 4073 821 4139 Welclrerus.
869 4075 906 4140 ln
931 4077 1068 4161 ¹singulis
1094 4081 1203 4140 autern
1227 4075 1405 4140 sententiae
1508 4114 1518 4139 a

220 4177 366 4264 partibus
399 4178 477 4263 quid
508 4178 626 4243 dixerit
659 4177 872 4244 Philostratus
904 4183 1102 4270 constituere
1133 4187 1165 4246 et
1192 4181 1306 4266 lllpnae
1330 4197 1403 4262 sup-

220 4282 381 4368 plemcnta
401 4303 419 4348 a
443 4284 593 4368 genuinis
617 4282 799 4349 discernere
820 4284 1019 4369 periculosae
1044 4285 1174 4371 plenum
1205 4302 1285 4366 opus
1317 4282 1404 4347 aleae

219 4395 289 4462 est,
316 4387 395 4453 adeo
422 4388 564 4454 intense
592 4388 776 4474 discrepant
806 4408 842 4453 ea
873 4408 954 4474 quae
978 4390 1067 4474 prius
1096 4389 1208 4475 llpnas
1235 4387 1404 4451 transscri-

219 4499 327 4578 pserat
357 4501 388 4558 et
420 4512 501 4580 quae
525 4502 633 4579 postea
668 4495 799 4581 probata
832 4496 963 4581 recepit.
1012 4493 1168 4580 Equidem
1202 4495 1233 4557 tn
1268 4498 1403 4578 utraque

943 4617 946 4623 ,
1134 4598 1176 4642 μ
