<?xml version="1.0" encoding="UTF-8"?>
<!DOCTYPE html PUBLIC "-//W3C//DTD XHTML 1.0 Transitional//EN"
    "http://www.w3.org/TR/xhtml1/DTD/xhtml1-transitional.dtd">
<html xmlns="http://www.w3.org/1999/xhtml" xml:lang="en" lang="en">
 <head>
  <title>
</title>
<meta http-equiv="Content-Type" content="text/html;charset=utf-8" />
  <meta name='ocr-system' content='tesseract 3.04.00' />
  <meta name='ocr-capabilities' content='ocr_page ocr_carea ocr_par ocr_line ocrx_word'/>
</head>
<body>
  <div class='ocr_page' id='page_1' title='image "./dephilostratili00cobegoog_0009.png"; bbox 0 0 3270 5190; ppageno 0'>
   <div class='ocr_carea' id='block_1_1' title="bbox 864 461 882 520">
    <p class='ocr_par' dir='ltr' id='par_1_1' title="bbox 864 461 882 520">
     <span class='ocr_line' id='line_1_1' title="bbox 864 461 882 520; baseline 0 0"><span class='ocrx_word' id='word_1_1' title='bbox 864 461 882 520; x_wconf 62' lang='grc' dir='ltr'>ἱ)</span> 
     </span>
    </p>
   </div>
   <div class='ocr_carea' id='block_1_2' title="bbox 275 627 1464 1037">
    <p class='ocr_par' dir='ltr' id='par_1_2' title="bbox 275 627 1464 1037">
     <span class='ocr_line' id='line_1_2' title="bbox 276 627 1464 718; baseline 0.003 -24"><span class='ocrx_word' id='word_1_2' title='bbox 276 627 336 695; x_wconf 81' lang='lat' dir='ltr'>Ubi</span> <span class='ocrx_word' id='word_1_3' title='bbox 360 631 489 699; x_wconf 87' lang='lat' dir='ltr'>scribit:</span> <span class='ocrx_word' id='word_1_4' title='bbox 525 631 586 697; x_wconf 81' lang='lat' dir='ltr'>»Ge</span> <span class='ocrx_word' id='word_1_5' title='bbox 610 632 666 718; x_wconf 91' lang='lat' dir='ltr'>qui</span> <span class='ocrx_word' id='word_1_6' title='bbox 691 631 828 717; x_wconf 77' lang='lat' dir='ltr'>procede</span> <span class='ocrx_word' id='word_1_7' title='bbox 860 638 908 698; x_wconf 88' lang='lat' dir='ltr'>est</span> <span class='ocrx_word' id='word_1_8' title='bbox 943 650 1004 696; x_wconf 90' lang='lat' dir='ltr'>une</span> <span class='ocrx_word' id='word_1_9' title='bbox 1035 631 1138 716; x_wconf 89' lang='lat' dir='ltr'>partie</span> <span class='ocrx_word' id='word_1_10' title='bbox 1166 629 1208 695; x_wconf 91' lang='lat' dir='ltr'>du</span> <span class='ocrx_word' id='word_1_11' title='bbox 1244 630 1390 717; x_wconf 88' lang='lat' dir='ltr'>dialoguc</span> <span class='ocrx_word' id='word_1_12' title='bbox 1426 632 1464 697; x_wconf 89' lang='lat' dir='ltr'>de</span> 
     </span>
     <span class='ocr_line' id='line_1_3' title="bbox 276 735 1463 822; baseline 0.001 -22"><span class='ocrx_word' id='word_1_13' title='bbox 276 735 416 802; x_wconf 83' lang='lat' dir='ltr'>Phoenix</span> <span class='ocrx_word' id='word_1_14' title='bbox 453 745 485 803; x_wconf 89' lang='lat' dir='ltr'>et</span> <span class='ocrx_word' id='word_1_15' title='bbox 511 736 753 822; x_wconf 81' lang='lat' dir='ltr'>d&#39;hmpelion‚&#39;&#39;</span> <span class='ocrx_word' id='word_1_16' title='bbox 790 757 852 802; x_wconf 93' lang='lat' dir='ltr'>non</span> <span class='ocrx_word' id='word_1_17' title='bbox 878 735 957 800; x_wconf 90' lang='lat' dir='ltr'>vidit</span> <span class='ocrx_word' id='word_1_18' title='bbox 988 755 1057 801; x_wconf 91' lang='lat' dir='ltr'>esse</span> <span class='ocrx_word' id='word_1_19' title='bbox 1089 735 1166 801; x_wconf 87' lang='lat' dir='ltr'>haec</span> <span class='ocrx_word' id='word_1_20' title='bbox 1201 745 1324 821; x_wconf 89' lang='lat' dir='ltr'>partem</span> <span class='ocrx_word' id='word_1_21' title='bbox 1361 737 1463 802; x_wconf 90' lang='lat' dir='ltr'>Philo-</span> 
     </span>
     <span class='ocr_line' id='line_1_4' title="bbox 276 840 1462 930; baseline 0.002 -25"><span class='ocrx_word' id='word_1_22' title='bbox 276 843 369 908; x_wconf 90' lang='lat' dir='ltr'>strati</span> <span class='ocrx_word' id='word_1_23' title='bbox 395 843 626 921; x_wconf 89' lang='lat' dir='ltr'>Hernicorum,</span> <span class='ocrx_word' id='word_1_24' title='bbox 651 845 683 906; x_wconf 95' lang='lat' dir='ltr'>in</span> <span class='ocrx_word' id='word_1_25' title='bbox 710 863 772 928; x_wconf 90' lang='lat' dir='ltr'>quo</span> <span class='ocrx_word' id='word_1_26' title='bbox 797 843 877 907; x_wconf 87' lang='lat' dir='ltr'>libro</span> <span class='ocrx_word' id='word_1_27' title='bbox 899 849 1059 908; x_wconf 90' lang='lat' dir='ltr'>mercator</span> <span class='ocrx_word' id='word_1_28' title='bbox 1079 861 1115 906; x_wconf 85' lang='lat' dir='ltr'>ex</span> <span class='ocrx_word' id='word_1_29' title='bbox 1142 840 1311 907; x_wconf 88' lang='lat' dir='ltr'>Phoenicia</span> <span class='ocrx_word' id='word_1_30' title='bbox 1338 841 1462 930; x_wconf 75' lang='grc' dir='ltr'>(Φοίνιξ)</span> 
     </span>
     <span class='ocr_line' id='line_1_5' title="bbox 275 945 1464 1037; baseline 0.001 -26"><span class='ocrx_word' id='word_1_31' title='bbox 275 953 307 1011; x_wconf 88' lang='lat' dir='ltr'>et</span> <span class='ocrx_word' id='word_1_32' title='bbox 333 948 453 1014; x_wconf 78' lang='lat' dir='ltr'>vinitor</span> <span class='ocrx_word' id='word_1_33' title='bbox 490 947 734 1037; x_wconf 67' lang='lat' dir='ltr'>(alpaenoopyo&#39;a)</span> <span class='ocrx_word' id='word_1_34' title='bbox 761 951 845 1013; x_wconf 89' lang='lat' dir='ltr'>inter</span> <span class='ocrx_word' id='word_1_35' title='bbox 874 967 908 1012; x_wconf 89' lang='lat' dir='ltr'>se</span> <span class='ocrx_word' id='word_1_36' title='bbox 941 945 1198 1013; x_wconf 81' lang='lat' dir='ltr'><strong>confabulantur.</strong></span> <span class='ocrx_word' id='word_1_37' title='bbox 1248 948 1337 1028; x_wconf 84' lang='lat' dir='ltr'>Quod</span> <span class='ocrx_word' id='word_1_38' title='bbox 1362 949 1464 1032; x_wconf 87' lang='lat' dir='ltr'>igitur</span> 
     </span>
    </p>
   </div>
   <div class='ocr_carea' id='block_1_3' title="bbox 268 1051 1464 4199">
    <p class='ocr_par' dir='ltr' id='par_1_3' title="bbox 273 1051 1464 1660">
     <span class='ocr_line' id='line_1_6' title="bbox 275 1051 1464 1119; baseline 0.002 -3"><span class='ocrx_word' id='word_1_39' title='bbox 275 1054 309 1117; x_wconf 94' lang='lat' dir='ltr'>in</span> <span class='ocrx_word' id='word_1_40' title='bbox 343 1052 424 1118; x_wconf 93' lang='lat' dir='ltr'>libro</span> <span class='ocrx_word' id='word_1_41' title='bbox 455 1052 723 1119; x_wconf 82' lang='lat' dir='ltr'>interlocutorum</span> <span class='ocrx_word' id='word_1_42' title='bbox 751 1053 882 1117; x_wconf 89' lang='lat' dir='ltr'>nomina</span> <span class='ocrx_word' id='word_1_43' title='bbox 911 1051 949 1117; x_wconf 92' lang='lat' dir='ltr'>de</span> <span class='ocrx_word' id='word_1_44' title='bbox 974 1072 1062 1117; x_wconf 89' lang='lat' dir='ltr'>more</span> <span class='ocrx_word' id='word_1_45' title='bbox 1091 1051 1283 1118; x_wconf 85' lang='lat' dir='ltr'>detruncata</span> <span class='ocrx_word' id='word_1_46' title='bbox 1319 1055 1398 1119; x_wconf 80' lang='grc' dir='ltr'><em>Φοίν.</em></span> <span class='ocrx_word' id='word_1_47' title='bbox 1432 1061 1464 1118; x_wconf 90' lang='lat' dir='ltr'>et</span> 
     </span>
     <span class='ocr_line' id='line_1_7' title="bbox 274 1158 1462 1245; baseline -0.003 -21"><span class='ocrx_word' id='word_1_48' title='bbox 274 1161 414 1238; x_wconf 70' lang='grc' dir='ltr'><strong><em>Ἀμπελ.</em></strong></span> <span class='ocrx_word' id='word_1_49' title='bbox 440 1159 559 1244; x_wconf 90' lang='lat' dir='ltr'>passim</span> <span class='ocrx_word' id='word_1_50' title='bbox 583 1161 726 1245; x_wconf 92' lang='lat' dir='ltr'>apposita</span> <span class='ocrx_word' id='word_1_51' title='bbox 756 1158 858 1234; x_wconf 90' lang='lat' dir='ltr'>vidit,</span> <span class='ocrx_word' id='word_1_52' title='bbox 892 1158 1076 1243; x_wconf 88' lang='lat' dir='ltr'>suspicatus</span> <span class='ocrx_word' id='word_1_53' title='bbox 1100 1165 1149 1223; x_wconf 88' lang='lat' dir='ltr'>cst</span> <span class='ocrx_word' id='word_1_54' title='bbox 1174 1178 1241 1224; x_wconf 89' lang='lat' dir='ltr'>esse</span> <span class='ocrx_word' id='word_1_55' title='bbox 1279 1179 1343 1223; x_wconf 80' lang='lat' dir='ltr'>»un</span> <span class='ocrx_word' id='word_1_56' title='bbox 1367 1159 1462 1224; x_wconf 88' lang='lat' dir='ltr'>dialo-</span> 
     </span>
     <span class='ocr_line' id='line_1_8' title="bbox 275 1262 1463 1350; baseline -0.003 -19"><span class='ocrx_word' id='word_1_57' title='bbox 275 1285 337 1349; x_wconf 86' lang='lat' dir='ltr'>gue</span> <span class='ocrx_word' id='word_1_58' title='bbox 369 1263 409 1329; x_wconf 91' lang='lat' dir='ltr'>de</span> <span class='ocrx_word' id='word_1_59' title='bbox 441 1264 581 1330; x_wconf 84' lang='lat' dir='ltr'>Phoenix</span> <span class='ocrx_word' id='word_1_60' title='bbox 614 1273 645 1330; x_wconf 92' lang='lat' dir='ltr'>ct</span> <span class='ocrx_word' id='word_1_61' title='bbox 678 1263 915 1350; x_wconf 79' lang='lat' dir='ltr'>d’hmpdlion.’&#39;</span> <span class='ocrx_word' id='word_1_62' title='bbox 962 1263 1052 1344; x_wconf 79' lang='lat' dir='ltr'>Quod</span> <span class='ocrx_word' id='word_1_63' title='bbox 1078 1262 1186 1329; x_wconf 81' lang='lat' dir='ltr'>addit:</span> <span class='ocrx_word' id='word_1_64' title='bbox 1222 1284 1277 1329; x_wconf 76' lang='lat' dir='ltr'>»ce</span> <span class='ocrx_word' id='word_1_65' title='bbox 1310 1265 1364 1348; x_wconf 89' lang='lat' dir='ltr'>qui</span> <span class='ocrx_word' id='word_1_66' title='bbox 1397 1264 1463 1328; x_wconf 91' lang='lat' dir='ltr'>suit</span> 
     </span>
     <span class='ocr_line' id='line_1_9' title="bbox 275 1367 1462 1455; baseline -0.003 -20"><span class='ocrx_word' id='word_1_67' title='bbox 275 1376 323 1436; x_wconf 91' lang='lat' dir='ltr'>est</span> <span class='ocrx_word' id='word_1_68' title='bbox 347 1367 458 1434; x_wconf 80' lang='lat' dir='ltr'>relatil</span> <span class='ocrx_word' id='word_1_69' title='bbox 478 1389 519 1434; x_wconf 92' lang='lat' dir='ltr'>au</span> <span class='ocrx_word' id='word_1_70' title='bbox 545 1369 617 1436; x_wconf 91' lang='lat' dir='ltr'>stile</span> <span class='ocrx_word' id='word_1_71' title='bbox 652 1369 868 1455; x_wconf 81' lang='lat' dir='ltr'>epistolaire”</span> <span class='ocrx_word' id='word_1_72' title='bbox 902 1388 937 1434; x_wconf 91' lang='lat' dir='ltr'>ea</span> <span class='ocrx_word' id='word_1_73' title='bbox 963 1368 1043 1434; x_wconf 90' lang='lat' dir='ltr'>dicit</span> <span class='ocrx_word' id='word_1_74' title='bbox 1067 1388 1149 1454; x_wconf 89' lang='lat' dir='ltr'>quae</span> <span class='ocrx_word' id='word_1_75' title='bbox 1181 1369 1334 1455; x_wconf 89' lang='lat' dir='ltr'>leguntur</span> <span class='ocrx_word' id='word_1_76' title='bbox 1359 1368 1462 1433; x_wconf 88' lang='lat' dir='ltr'>Philo-</span> 
     </span>
     <span class='ocr_line' id='line_1_10' title="bbox 275 1461 1460 1562; baseline -0.003 -21"><span class='ocrx_word' id='word_1_77' title='bbox 275 1477 370 1541; x_wconf 83' lang='lat' dir='ltr'>strati</span> <span class='ocrx_word' id='word_1_78' title='bbox 393 1474 547 1561; x_wconf 79' lang='lat' dir='ltr'>Epistolis</span> <span class='ocrx_word' id='word_1_79' title='bbox 579 1461 723 1540; x_wconf 85' lang='lat' dir='ltr'>subiecta</span> <span class='ocrx_word' id='word_1_80' title='bbox 744 1473 827 1560; x_wconf 90' lang='lat' dir='ltr'>apud</span> <span class='ocrx_word' id='word_1_81' title='bbox 859 1475 1038 1562; x_wconf 82' lang='lat' dir='ltr'>llayserum</span> <span class='ocrx_word' id='word_1_82' title='bbox 1073 1475 1106 1538; x_wconf 93' lang='lat' dir='ltr'>in</span> <span class='ocrx_word' id='word_1_83' title='bbox 1132 1482 1222 1560; x_wconf 91' lang='lat' dir='ltr'>parte</span> <span class='ocrx_word' id='word_1_84' title='bbox 1246 1474 1286 1540; x_wconf 91' lang='lat' dir='ltr'>ll.</span> <span class='ocrx_word' id='word_1_85' title='bbox 1321 1495 1351 1560; x_wconf 90' lang='lat' dir='ltr'>p.</span> <span class='ocrx_word' id='word_1_86' title='bbox 1376 1478 1460 1539; x_wconf 74' lang='lat' dir='ltr'>sot:</span> 
     </span>
     <span class='ocr_line' id='line_1_11' title="bbox 273 1579 1019 1660; baseline -0.004 -13"><span class='ocrx_word' id='word_1_87' title='bbox 273 1583 325 1647; x_wconf 79' lang='grc' dir='ltr'>τὸν</span> <span class='ocrx_word' id='word_1_88' title='bbox 349 1582 521 1652; x_wconf 60' lang='lat' dir='ltr'>{areobindo</span> <span class='ocrx_word' id='word_1_89' title='bbox 544 1587 733 1660; x_wconf 67' lang='grc' dir='ltr'>χαρακτῆρσι</span> <span class='ocrx_word' id='word_1_90' title='bbox 757 1585 809 1643; x_wconf 81' lang='grc' dir='ltr'>τοῦ</span> <span class='ocrx_word' id='word_1_91' title='bbox 833 1579 928 1657; x_wconf 77' lang='grc' dir='ltr'><em>λόγου</em></span> <span class='ocrx_word' id='word_1_92' title='bbox 953 1581 1019 1644; x_wconf 82' lang='grc' dir='ltr'>κτὲ.</span> 
     </span>
    </p>

    <p class='ocr_par' dir='ltr' id='par_1_4' title="bbox 270 1682 1462 3244">
     <span class='ocr_line' id='line_1_12' title="bbox 320 1682 1462 1770; baseline -0.002 -20"><span class='ocrx_word' id='word_1_93' title='bbox 320 1685 379 1751; x_wconf 89' lang='lat' dir='ltr'>Ubi</span> <span class='ocrx_word' id='word_1_94' title='bbox 404 1687 506 1770; x_wconf 87' lang='lat' dir='ltr'>igitur</span> <span class='ocrx_word' id='word_1_95' title='bbox 530 1684 717 1749; x_wconf 83' lang='lat' dir='ltr'>Philostrati</span> <span class='ocrx_word' id='word_1_96' title='bbox 739 1682 881 1749; x_wconf 91' lang='lat' dir='ltr'>libellum</span> <span class='ocrx_word' id='word_1_97' title='bbox 905 1683 970 1765; x_wconf 78' lang='lat' dir='ltr'>aspi</span> <span class='ocrx_word' id='word_1_98' title='bbox 996 1690 1210 1762; x_wconf 72' lang='grc' dir='ltr'><em>Γυμναςικῆς,</em></span> <span class='ocrx_word' id='word_1_99' title='bbox 1235 1704 1330 1769; x_wconf 88' lang='lat' dir='ltr'>quem</span> <span class='ocrx_word' id='word_1_100' title='bbox 1352 1704 1462 1750; x_wconf 90' lang='lat' dir='ltr'>omnes</span> 
     </span>
     <span class='ocr_line' id='line_1_13' title="bbox 274 1787 1461 1877; baseline -0.002 -21"><span class='ocrx_word' id='word_1_101' title='bbox 274 1791 350 1856; x_wconf 91' lang='lat' dir='ltr'>olim</span> <span class='ocrx_word' id='word_1_102' title='bbox 382 1797 510 1876; x_wconf 88' lang='lat' dir='ltr'>praeter</span> <span class='ocrx_word' id='word_1_103' title='bbox 541 1797 654 1854; x_wconf 90' lang='lat' dir='ltr'>tenues</span> <span class='ocrx_word' id='word_1_104' title='bbox 685 1787 841 1873; x_wconf 86' lang='lat' dir='ltr'>quasdam</span> <span class='ocrx_word' id='word_1_105' title='bbox 872 1787 1025 1873; x_wconf 87' lang='lat' dir='ltr'>reliquias</span> <span class='ocrx_word' id='word_1_106' title='bbox 1058 1788 1262 1854; x_wconf 83' lang='lat' dir='ltr'>intercidisse</span> <span class='ocrx_word' id='word_1_107' title='bbox 1290 1789 1461 1877; x_wconf 92' lang='lat' dir='ltr'>opinaban-</span> 
     </span>
     <span class='ocr_line' id='line_1_14' title="bbox 274 1892 1462 1981; baseline -0.003 -19"><span class='ocrx_word' id='word_1_108' title='bbox 274 1905 349 1974; x_wconf 87' lang='lat' dir='ltr'>tur,</span> <span class='ocrx_word' id='word_1_109' title='bbox 384 1896 546 1981; x_wconf 89' lang='lat' dir='ltr'>insperato</span> <span class='ocrx_word' id='word_1_110' title='bbox 577 1895 609 1958; x_wconf 94' lang='lat' dir='ltr'>in</span> <span class='ocrx_word' id='word_1_111' title='bbox 634 1893 739 1959; x_wconf 91' lang='lat' dir='ltr'>lucem</span> <span class='ocrx_word' id='word_1_112' title='bbox 770 1892 907 1959; x_wconf 89' lang='lat' dir='ltr'>rediisse</span> <span class='ocrx_word' id='word_1_113' title='bbox 934 1900 1023 1958; x_wconf 88' lang='lat' dir='ltr'>certa</span> <span class='ocrx_word' id='word_1_114' title='bbox 1049 1893 1111 1958; x_wconf 88' lang='lat' dir='ltr'>fide</span> <span class='ocrx_word' id='word_1_115' title='bbox 1146 1895 1309 1970; x_wconf 89' lang='lat' dir='ltr'>innotuit,</span> <span class='ocrx_word' id='word_1_116' title='bbox 1346 1915 1382 1959; x_wconf 92' lang='lat' dir='ltr'>ea</span> <span class='ocrx_word' id='word_1_117' title='bbox 1410 1915 1462 1960; x_wconf 91' lang='lat' dir='ltr'>res</span> 
     </span>
     <span class='ocr_line' id='line_1_15' title="bbox 274 1997 1461 2076; baseline -0.003 -8"><span class='ocrx_word' id='word_1_118' title='bbox 274 2012 306 2068; x_wconf 88' lang='lat' dir='ltr'>et</span> <span class='ocrx_word' id='word_1_119' title='bbox 330 2002 408 2066; x_wconf 89' lang='lat' dir='ltr'>alios</span> <span class='ocrx_word' id='word_1_120' title='bbox 438 1999 646 2066; x_wconf 91' lang='lat' dir='ltr'>vehementer</span> <span class='ocrx_word' id='word_1_121' title='bbox 669 1999 863 2076; x_wconf 90' lang='lat' dir='ltr'>commovit,</span> <span class='ocrx_word' id='word_1_122' title='bbox 901 1997 954 2064; x_wconf 90' lang='lat' dir='ltr'>sed</span> <span class='ocrx_word' id='word_1_123' title='bbox 979 2007 1054 2064; x_wconf 88' lang='lat' dir='ltr'>ante</span> <span class='ocrx_word' id='word_1_124' title='bbox 1076 2019 1186 2064; x_wconf 90' lang='lat' dir='ltr'>omnes</span> <span class='ocrx_word' id='word_1_125' title='bbox 1216 2000 1321 2064; x_wconf 88' lang='lat' dir='ltr'>virum</span> <span class='ocrx_word' id='word_1_126' title='bbox 1346 1999 1461 2064; x_wconf 89' lang='lat' dir='ltr'>doctis·</span> 
     </span>
     <span class='ocr_line' id='line_1_16' title="bbox 273 2102 1461 2189; baseline -0.003 -17"><span class='ocrx_word' id='word_1_127' title='bbox 273 2109 392 2173; x_wconf 91' lang='lat' dir='ltr'>simum</span> <span class='ocrx_word' id='word_1_128' title='bbox 417 2106 449 2172; x_wconf 84' lang='lat' dir='ltr'>C.</span> <span class='ocrx_word' id='word_1_129' title='bbox 478 2104 694 2189; x_wconf 73' lang='lat' dir='ltr'>daremberg,</span> <span class='ocrx_word' id='word_1_130' title='bbox 721 2102 880 2168; x_wconf 89' lang='lat' dir='ltr'>medicum</span> <span class='ocrx_word' id='word_1_131' title='bbox 906 2102 1102 2169; x_wconf 87' lang='lat' dir='ltr'>Graecarum</span> <span class='ocrx_word' id='word_1_132' title='bbox 1134 2103 1330 2169; x_wconf 87' lang='lat' dir='ltr'>Litterarum</span> <span class='ocrx_word' id='word_1_133' title='bbox 1352 2123 1461 2169; x_wconf 89' lang='lat' dir='ltr'>aman·</span> 
     </span>
     <span class='ocr_line' id='line_1_17' title="bbox 272 2208 1462 2297; baseline -0.002 -19"><span class='ocrx_word' id='word_1_134' title='bbox 272 2214 459 2290; x_wconf 80' lang='lat' dir='ltr'>tissimum,</span> <span class='ocrx_word' id='word_1_135' title='bbox 483 2211 538 2296; x_wconf 92' lang='lat' dir='ltr'>qui</span> <span class='ocrx_word' id='word_1_136' title='bbox 562 2230 619 2296; x_wconf 92' lang='lat' dir='ltr'>per</span> <span class='ocrx_word' id='word_1_137' title='bbox 643 2217 782 2296; x_wconf 89' lang='lat' dir='ltr'>quatuor</span> <span class='ocrx_word' id='word_1_138' title='bbox 806 2229 907 2274; x_wconf 88' lang='lat' dir='ltr'>annos</span> <span class='ocrx_word' id='word_1_139' title='bbox 939 2208 1019 2274; x_wconf 91' lang='lat' dir='ltr'>nihil</span> <span class='ocrx_word' id='word_1_140' title='bbox 1045 2210 1241 2275; x_wconf 89' lang='lat' dir='ltr'>intentatum</span> <span class='ocrx_word' id='word_1_141' title='bbox 1268 2210 1398 2297; x_wconf 87' lang='lat' dir='ltr'>reliquit</span> <span class='ocrx_word' id='word_1_142' title='bbox 1426 2220 1462 2276; x_wconf 90' lang='lat' dir='ltr'>ut</span> 
     </span>
     <span class='ocr_line' id='line_1_18' title="bbox 272 2314 1460 2402; baseline -0.002 -18"><span class='ocrx_word' id='word_1_143' title='bbox 272 2318 334 2384; x_wconf 91' lang='lat' dir='ltr'>sibi</span> <span class='ocrx_word' id='word_1_144' title='bbox 358 2319 444 2383; x_wconf 92' lang='lat' dir='ltr'>illius</span> <span class='ocrx_word' id='word_1_145' title='bbox 470 2316 544 2382; x_wconf 89' lang='lat' dir='ltr'>libri</span> <span class='ocrx_word' id='word_1_146' title='bbox 568 2314 780 2401; x_wconf 90' lang='lat' dir='ltr'>cognoscendi</span> <span class='ocrx_word' id='word_1_147' title='bbox 806 2315 895 2381; x_wconf 86' lang='lat' dir='ltr'>lieret</span> <span class='ocrx_word' id='word_1_148' title='bbox 929 2315 1030 2401; x_wconf 93' lang='lat' dir='ltr'>copia.</span> <span class='ocrx_word' id='word_1_149' title='bbox 1079 2315 1121 2380; x_wconf 87' lang='lat' dir='ltr'>Et</span> <span class='ocrx_word' id='word_1_150' title='bbox 1149 2314 1296 2381; x_wconf 84' lang='lat' dir='ltr'>Codicem</span> <span class='ocrx_word' id='word_1_151' title='bbox 1331 2316 1460 2402; x_wconf 87' lang='lat' dir='ltr'>quidem</span> 
     </span>
     <span class='ocr_line' id='line_1_19' title="bbox 272 2413 1462 2509; baseline -0.001 -20"><span class='ocrx_word' id='word_1_152' title='bbox 272 2425 378 2509; x_wconf 91' lang='lat' dir='ltr'>ipsum</span> <span class='ocrx_word' id='word_1_153' title='bbox 404 2420 492 2486; x_wconf 94' lang='lat' dir='ltr'>nullo</span> <span class='ocrx_word' id='word_1_154' title='bbox 516 2440 669 2506; x_wconf 86' lang='lat' dir='ltr'>umquam</span> <span class='ocrx_word' id='word_1_155' title='bbox 694 2413 787 2505; x_wconf 84' lang='lat' dir='ltr'>paeto</span> <span class='ocrx_word' id='word_1_156' title='bbox 808 2421 953 2485; x_wconf 87' lang='lat' dir='ltr'>nancisci</span> <span class='ocrx_word' id='word_1_157' title='bbox 979 2422 1104 2504; x_wconf 88' lang='lat' dir='ltr'>potuit,</span> <span class='ocrx_word' id='word_1_158' title='bbox 1129 2420 1184 2486; x_wconf 90' lang='lat' dir='ltr'>sed</span> <span class='ocrx_word' id='word_1_159' title='bbox 1209 2442 1309 2506; x_wconf 90' lang='lat' dir='ltr'>quum</span> <span class='ocrx_word' id='word_1_160' title='bbox 1335 2443 1462 2489; x_wconf 86' lang='lat' dir='ltr'>summa</span> 
     </span>
     <span class='ocr_line' id='line_1_20' title="bbox 271 2524 1461 2614; baseline 0.001 -22"><span class='ocrx_word' id='word_1_161' title='bbox 271 2548 330 2614; x_wconf 96' lang='lat' dir='ltr'>ope</span> <span class='ocrx_word' id='word_1_162' title='bbox 349 2525 630 2592; x_wconf 70' lang='lat' dir='ltr'>instaret‘tandem</span> <span class='ocrx_word' id='word_1_163' title='bbox 658 2533 773 2590; x_wconf 91' lang='lat' dir='ltr'>nactus</span> <span class='ocrx_word' id='word_1_164' title='bbox 795 2533 844 2590; x_wconf 90' lang='lat' dir='ltr'>est</span> <span class='ocrx_word' id='word_1_165' title='bbox 865 2524 1084 2610; x_wconf 84' lang='lat' dir='ltr'>apographum</span> <span class='ocrx_word' id='word_1_166' title='bbox 1105 2525 1208 2610; x_wconf 91' lang='lat' dir='ltr'>ipsius</span> <span class='ocrx_word' id='word_1_167' title='bbox 1230 2527 1344 2614; x_wconf 80' lang='lat' dir='ltr'>Mynae</span> <span class='ocrx_word' id='word_1_168' title='bbox 1363 2548 1461 2594; x_wconf 86' lang='lat' dir='ltr'>mann</span> 
     </span>
     <span class='ocr_line' id='line_1_21' title="bbox 271 2628 1461 2718; baseline 0.003 -20"><span class='ocrx_word' id='word_1_169' title='bbox 271 2633 492 2718; x_wconf 91' lang='lat' dir='ltr'>descriptum,</span> <span class='ocrx_word' id='word_1_170' title='bbox 530 2630 614 2696; x_wconf 90' lang='lat' dir='ltr'>uude</span> <span class='ocrx_word' id='word_1_171' title='bbox 651 2650 753 2715; x_wconf 88' lang='lat' dir='ltr'>nuper</span> <span class='ocrx_word' id='word_1_172' title='bbox 786 2649 904 2695; x_wconf 92' lang='lat' dir='ltr'>novum</span> <span class='ocrx_word' id='word_1_173' title='bbox 939 2628 1127 2694; x_wconf 90' lang='lat' dir='ltr'>Philostrati</span> <span class='ocrx_word' id='word_1_174' title='bbox 1162 2629 1305 2697; x_wconf 90' lang='lat' dir='ltr'>libellum</span> <span class='ocrx_word' id='word_1_175' title='bbox 1342 2633 1461 2701; x_wconf 85' lang='lat' dir='ltr'>Graece</span> 
     </span>
     <span class='ocr_line' id='line_1_22' title="bbox 271 2733 1460 2821; baseline 0 -17"><span class='ocrx_word' id='word_1_176' title='bbox 271 2758 346 2804; x_wconf 92' lang='lat' dir='ltr'>cum</span> <span class='ocrx_word' id='word_1_177' title='bbox 370 2737 517 2803; x_wconf 84' lang='lat' dir='ltr'>versione</span> <span class='ocrx_word' id='word_1_178' title='bbox 546 2735 665 2801; x_wconf 87' lang='lat' dir='ltr'>Gallica</span> <span class='ocrx_word' id='word_1_179' title='bbox 698 2753 832 2821; x_wconf 89' lang='lat' dir='ltr'>propere</span> <span class='ocrx_word' id='word_1_180' title='bbox 865 2733 966 2800; x_wconf 90' lang='lat' dir='ltr'>edidit</span> <span class='ocrx_word' id='word_1_181' title='bbox 997 2735 1220 2801; x_wconf 87' lang='lat' dir='ltr'>annotationes</span> <span class='ocrx_word' id='word_1_182' title='bbox 1243 2757 1276 2803; x_wconf 91' lang='lat' dir='ltr'>se</span> <span class='ocrx_word' id='word_1_183' title='bbox 1312 2758 1383 2803; x_wconf 87' lang='lat' dir='ltr'>mox</span> <span class='ocrx_word' id='word_1_184' title='bbox 1407 2738 1460 2805; x_wconf 92' lang='lat' dir='ltr'>da-</span> 
     </span>
     <span class='ocr_line' id='line_1_23' title="bbox 272 2839 1460 2929; baseline 0.001 -20"><span class='ocrx_word' id='word_1_185' title='bbox 272 2854 383 2909; x_wconf 89' lang='lat' dir='ltr'>turum</span> <span class='ocrx_word' id='word_1_186' title='bbox 408 2840 629 2929; x_wconf 82' lang='lat' dir='ltr'>pollicitus1).</span> <span class='ocrx_word' id='word_1_187' title='bbox 677 2840 796 2926; x_wconf 87' lang='lat' dir='ltr'>Nempe</span> <span class='ocrx_word' id='word_1_188' title='bbox 829 2852 929 2926; x_wconf 91' lang='lat' dir='ltr'>quum</span> <span class='ocrx_word' id='word_1_189' title='bbox 955 2839 1102 2907; x_wconf 87' lang='lat' dir='ltr'>eruditus</span> <span class='ocrx_word' id='word_1_190' title='bbox 1126 2841 1269 2908; x_wconf 89' lang='lat' dir='ltr'>Medicus</span> <span class='ocrx_word' id='word_1_191' title='bbox 1304 2845 1335 2908; x_wconf 92' lang='lat' dir='ltr'>in</span> <span class='ocrx_word' id='word_1_192' title='bbox 1371 2845 1460 2910; x_wconf 87' lang='lat' dir='ltr'>ador·</span> 
     </span>
     <span class='ocr_line' id='line_1_24' title="bbox 270 2946 1459 3037; baseline 0.001 -21"><span class='ocrx_word' id='word_1_193' title='bbox 270 2949 377 3016; x_wconf 91' lang='lat' dir='ltr'>nanda</span> <span class='ocrx_word' id='word_1_194' title='bbox 412 2946 552 3014; x_wconf 88' lang='lat' dir='ltr'>editione</span> <span class='ocrx_word' id='word_1_195' title='bbox 586 2946 784 3026; x_wconf 85' lang='lat' dir='ltr'>elaboraret,</span> <span class='ocrx_word' id='word_1_196' title='bbox 820 2965 894 3012; x_wconf 90' lang='lat' dir='ltr'>ecce</span> <span class='ocrx_word' id='word_1_197' title='bbox 924 2954 1055 3032; x_wconf 88' lang='lat' dir='ltr'>repente</span> <span class='ocrx_word' id='word_1_198' title='bbox 1079 2948 1147 3034; x_wconf 91' lang='lat' dir='ltr'>ipse</span> <span class='ocrx_word' id='word_1_199' title='bbox 1178 2949 1291 3037; x_wconf 83' lang='lat' dir='ltr'>Mynas</span> <span class='ocrx_word' id='word_1_200' title='bbox 1322 2952 1459 3017; x_wconf 91' lang='lat' dir='ltr'>eundem</span> 
     </span>
     <span class='ocr_line' id='line_1_25' title="bbox 270 3052 1461 3143; baseline 0.002 -23"><span class='ocrx_word' id='word_1_201' title='bbox 270 3055 390 3120; x_wconf 90' lang='lat' dir='ltr'>librum</span> <span class='ocrx_word' id='word_1_202' title='bbox 415 3054 523 3119; x_wconf 90' lang='lat' dir='ltr'>emisit</span> <span class='ocrx_word' id='word_1_203' title='bbox 544 3054 575 3116; x_wconf 94' lang='lat' dir='ltr'>in</span> <span class='ocrx_word' id='word_1_204' title='bbox 600 3052 726 3129; x_wconf 90' lang='lat' dir='ltr'>lucem,</span> <span class='ocrx_word' id='word_1_205' title='bbox 758 3073 822 3138; x_wconf 88' lang='lat' dir='ltr'>qua</span> <span class='ocrx_word' id='word_1_206' title='bbox 846 3073 881 3118; x_wconf 89' lang='lat' dir='ltr'>re</span> <span class='ocrx_word' id='word_1_207' title='bbox 911 3054 1042 3138; x_wconf 89' lang='lat' dir='ltr'>cognita</span> <span class='ocrx_word' id='word_1_208' title='bbox 1071 3054 1286 3140; x_wconf 86' lang='lat' dir='ltr'>Darembevgo</span> <span class='ocrx_word' id='word_1_209' title='bbox 1312 3077 1461 3143; x_wconf 86' lang='lat' dir='ltr'>rumpere</span> 
     </span>
     <span class='ocr_line' id='line_1_26' title="bbox 270 3157 1285 3244; baseline -0.002 -18"><span class='ocrx_word' id='word_1_210' title='bbox 270 3179 378 3226; x_wconf 89' lang='lat' dir='ltr'>moras</span> <span class='ocrx_word' id='word_1_211' title='bbox 399 3158 521 3240; x_wconf 91' lang='lat' dir='ltr'>placuit</span> <span class='ocrx_word' id='word_1_212' title='bbox 542 3165 574 3221; x_wconf 91' lang='lat' dir='ltr'>et</span> <span class='ocrx_word' id='word_1_213' title='bbox 603 3157 687 3241; x_wconf 89' lang='lat' dir='ltr'>quod</span> <span class='ocrx_word' id='word_1_214' title='bbox 710 3166 858 3242; x_wconf 84' lang='lat' dir='ltr'>paratum</span> <span class='ocrx_word' id='word_1_215' title='bbox 882 3164 966 3222; x_wconf 90' lang='lat' dir='ltr'>esset</span> <span class='ocrx_word' id='word_1_216' title='bbox 989 3160 1099 3223; x_wconf 90' lang='lat' dir='ltr'>statim</span> <span class='ocrx_word' id='word_1_217' title='bbox 1124 3159 1285 3244; x_wconf 83' lang='lat' dir='ltr'>evulgare.</span> 
     </span>
    </p>

    <p class='ocr_par' dir='ltr' id='par_1_5' title="bbox 268 3261 1460 4199">
     <span class='ocr_line' id='line_1_27' title="bbox 314 3261 1458 3346; baseline 0.003 -17"><span class='ocrx_word' id='word_1_218' title='bbox 314 3265 438 3329; x_wconf 92' lang='lat' dir='ltr'>Bonum</span> <span class='ocrx_word' id='word_1_219' title='bbox 463 3261 607 3340; x_wconf 85' lang='lat' dir='ltr'>lactum,</span> <span class='ocrx_word' id='word_1_220' title='bbox 633 3263 781 3346; x_wconf 79' lang='lat' dir='ltr'>inquieS,</span> <span class='ocrx_word' id='word_1_221' title='bbox 808 3261 998 3327; x_wconf 91' lang='lat' dir='ltr'>habebimus</span> <span class='ocrx_word' id='word_1_222' title='bbox 1019 3264 1103 3328; x_wconf 91' lang='lat' dir='ltr'>enirn</span> <span class='ocrx_word' id='word_1_223' title='bbox 1132 3264 1318 3331; x_wconf 89' lang='lat' dir='ltr'>Philostrati</span> <span class='ocrx_word' id='word_1_224' title='bbox 1341 3287 1458 3332; x_wconf 90' lang='lat' dir='ltr'>novum</span> 
     </span>
     <span class='ocr_line' id='line_1_28' title="bbox 269 3366 1460 3438; baseline 0.002 -3"><span class='ocrx_word' id='word_1_225' title='bbox 269 3369 413 3436; x_wconf 89' lang='lat' dir='ltr'>libellum</span> <span class='ocrx_word' id='word_1_226' title='bbox 438 3386 500 3432; x_wconf 95' lang='lat' dir='ltr'>non</span> <span class='ocrx_word' id='word_1_227' title='bbox 531 3366 629 3432; x_wconf 91' lang='lat' dir='ltr'>unius</span> <span class='ocrx_word' id='word_1_228' title='bbox 650 3366 704 3432; x_wconf 89' lang='lat' dir='ltr'>sed</span> <span class='ocrx_word' id='word_1_229' title='bbox 729 3366 867 3433; x_wconf 90' lang='lat' dir='ltr'>duorum</span> <span class='ocrx_word' id='word_1_230' title='bbox 893 3367 955 3433; x_wconf 89' lang='lat' dir='ltr'>tide</span> <span class='ocrx_word' id='word_1_231' title='bbox 979 3376 1012 3434; x_wconf 93' lang='lat' dir='ltr'>et</span> <span class='ocrx_word' id='word_1_232' title='bbox 1034 3388 1115 3434; x_wconf 91' lang='lat' dir='ltr'>cura</span> <span class='ocrx_word' id='word_1_233' title='bbox 1138 3377 1170 3435; x_wconf 88' lang='lat' dir='ltr'>et</span> <span class='ocrx_word' id='word_1_234' title='bbox 1201 3370 1323 3437; x_wconf 89' lang='lat' dir='ltr'>editum</span> <span class='ocrx_word' id='word_1_235' title='bbox 1355 3380 1386 3438; x_wconf 90' lang='lat' dir='ltr'>et</span> <span class='ocrx_word' id='word_1_236' title='bbox 1408 3392 1460 3437; x_wconf 91' lang='lat' dir='ltr'>cx-</span> 
     </span>
     <span class='ocr_line' id='line_1_29' title="bbox 270 3468 1459 3563; baseline 0.003 -22"><span class='ocrx_word' id='word_1_237' title='bbox 270 3475 417 3562; x_wconf 91' lang='lat' dir='ltr'>politum.</span> <span class='ocrx_word' id='word_1_238' title='bbox 453 3468 562 3538; x_wconf 77' lang='lat' dir='ltr'>&#39;Alter</span> <span class='ocrx_word' id='word_1_239' title='bbox 595 3471 813 3558; x_wconf 83' lang='lat' dir='ltr'>apographum</span> <span class='ocrx_word' id='word_1_240' title='bbox 852 3473 1023 3558; x_wconf 89' lang='lat' dir='ltr'>sequitur,</span> <span class='ocrx_word' id='word_1_241' title='bbox 1059 3473 1141 3540; x_wconf 89' lang='lat' dir='ltr'>alter</span> <span class='ocrx_word' id='word_1_242' title='bbox 1174 3476 1282 3563; x_wconf 89' lang='lat' dir='ltr'>ipsum</span> <span class='ocrx_word' id='word_1_243' title='bbox 1312 3476 1459 3544; x_wconf 86' lang='lat' dir='ltr'>Codicem</span> 
     </span>
     <span class='ocr_line' id='line_1_30' title="bbox 270 3577 1460 3668; baseline 0.001 -21"><span class='ocrx_word' id='word_1_244' title='bbox 270 3602 333 3668; x_wconf 89' lang='lat' dir='ltr'>quo</span> <span class='ocrx_word' id='word_1_245' title='bbox 355 3580 493 3647; x_wconf 86' lang='lat' dir='ltr'>certiore</span> <span class='ocrx_word' id='word_1_246' title='bbox 515 3577 576 3643; x_wconf 86' lang='lat' dir='ltr'>fide</span> <span class='ocrx_word' id='word_1_247' title='bbox 604 3577 643 3643; x_wconf 92' lang='lat' dir='ltr'>de</span> <span class='ocrx_word' id='word_1_248' title='bbox 667 3580 819 3664; x_wconf 89' lang='lat' dir='ltr'>antiquae</span> <span class='ocrx_word' id='word_1_249' title='bbox 843 3580 1025 3664; x_wconf 89' lang='lat' dir='ltr'>scripturae</span> <span class='ocrx_word' id='word_1_250' title='bbox 1056 3582 1250 3647; x_wconf 87' lang='lat' dir='ltr'>auctoritate</span> <span class='ocrx_word' id='word_1_251' title='bbox 1270 3591 1301 3646; x_wconf 90' lang='lat' dir='ltr'>et</span> <span class='ocrx_word' id='word_1_252' title='bbox 1323 3586 1460 3649; x_wconf 86' lang='lat' dir='ltr'>veritate</span> 
     </span>
     <span class='ocr_line' id='line_1_31' title="bbox 269 3683 1458 3772; baseline 0.001 -18"><span class='ocrx_word' id='word_1_253' title='bbox 269 3687 441 3754; x_wconf 88' lang='lat' dir='ltr'>constabit.</span> <span class='ocrx_word' id='word_1_254' title='bbox 491 3683 574 3761; x_wconf 89' lang='lat' dir='ltr'>Sed,</span> <span class='ocrx_word' id='word_1_255' title='bbox 601 3692 634 3748; x_wconf 89' lang='lat' dir='ltr'>ut</span> <span class='ocrx_word' id='word_1_256' title='bbox 660 3683 745 3770; x_wconf 90' lang='lat' dir='ltr'>apud</span> <span class='ocrx_word' id='word_1_257' title='bbox 772 3683 994 3772; x_wconf 82' lang='lat' dir='ltr'>Thucydidem</span> <span class='ocrx_word' id='word_1_258' title='bbox 1020 3693 1091 3766; x_wconf 89' lang='lat' dir='ltr'>est,</span> <span class='ocrx_word' id='word_1_259' title='bbox 1117 3685 1252 3770; x_wconf 72' lang='grc' dir='ltr'>ἄρχεται</span> <span class='ocrx_word' id='word_1_260' title='bbox 1277 3689 1290 3753; x_wconf 80' lang='grc' dir='ltr'><em>ὃ</em></span> <span class='ocrx_word' id='word_1_261' title='bbox 1322 3689 1458 3768; x_wconf 66' lang='grc' dir='ltr'><em>πόλεμος</em></span> 
     </span>
     <span class='ocr_line' id='line_1_32' title="bbox 270 3789 1459 3880; baseline -0.002 -20"><span class='ocrx_word' id='word_1_262' title='bbox 270 3795 382 3861; x_wconf 76' lang='grc' dir='ltr'><em>ἐνθένδε</em></span> <span class='ocrx_word' id='word_1_263' title='bbox 404 3793 471 3868; x_wconf 73' lang='grc' dir='ltr'>ἤδη.</span> <span class='ocrx_word' id='word_1_264' title='bbox 521 3789 625 3855; x_wconf 84' lang='lat' dir='ltr'>Codex</span> <span class='ocrx_word' id='word_1_265' title='bbox 648 3797 680 3855; x_wconf 90' lang='lat' dir='ltr'>et</span> <span class='ocrx_word' id='word_1_266' title='bbox 708 3789 928 3877; x_wconf 85' lang='lat' dir='ltr'>apographum</span> <span class='ocrx_word' id='word_1_267' title='bbox 959 3791 1045 3857; x_wconf 87' lang='lat' dir='ltr'>inter</span> <span class='ocrx_word' id='word_1_268' title='bbox 1075 3813 1108 3859; x_wconf 91' lang='lat' dir='ltr'>sc</span> <span class='ocrx_word' id='word_1_269' title='bbox 1143 3801 1289 3880; x_wconf 86' lang='lat' dir='ltr'>pugnant</span> <span class='ocrx_word' id='word_1_270' title='bbox 1313 3802 1345 3860; x_wconf 89' lang='lat' dir='ltr'>et</span> <span class='ocrx_word' id='word_1_271' title='bbox 1374 3794 1459 3860; x_wconf 89' lang='lat' dir='ltr'>iron-</span> 
     </span>
     <span class='ocr_line' id='line_1_33' title="bbox 268 3896 1457 3987; baseline -0.003 -21"><span class='ocrx_word' id='word_1_272' title='bbox 268 3901 356 3966; x_wconf 87' lang='lat' dir='ltr'>tibus</span> <span class='ocrx_word' id='word_1_273' title='bbox 391 3898 533 3963; x_wconf 90' lang='lat' dir='ltr'>adversis</span> <span class='ocrx_word' id='word_1_274' title='bbox 567 3905 776 3963; x_wconf 88' lang='lat' dir='ltr'>concurrunt.</span> <span class='ocrx_word' id='word_1_275' title='bbox 833 3896 980 3964; x_wconf 86' lang='lat' dir='ltr'>Codicem</span> <span class='ocrx_word' id='word_1_276' title='bbox 1016 3899 1120 3987; x_wconf 88' lang='lat' dir='ltr'>ipsum</span> <span class='ocrx_word' id='word_1_277' title='bbox 1158 3918 1251 3964; x_wconf 89' lang='lat' dir='ltr'>nemo</span> <span class='ocrx_word' id='word_1_278' title='bbox 1285 3900 1388 3967; x_wconf 88' lang='lat' dir='ltr'>vidit:</span> <span class='ocrx_word' id='word_1_279' title='bbox 1425 3902 1457 3964; x_wconf 90' lang='lat' dir='ltr'>in</span> 
     </span>
     <span class='ocr_line' id='line_1_34' title="bbox 269 4001 1459 4092; baseline -0.003 -20"><span class='ocrx_word' id='word_1_280' title='bbox 269 4003 451 4092; x_wconf 90' lang='lat' dir='ltr'>apographo</span> <span class='ocrx_word' id='word_1_281' title='bbox 484 4001 603 4087; x_wconf 92' lang='lat' dir='ltr'>passim</span> <span class='ocrx_word' id='word_1_282' title='bbox 639 4021 678 4066; x_wconf 85' lang='lat' dir='ltr'>ex</span> <span class='ocrx_word' id='word_1_283' title='bbox 712 4002 959 4089; x_wconf 85' lang='lat' dir='ltr'>interpolatione</span> <span class='ocrx_word' id='word_1_284' title='bbox 988 4005 1112 4070; x_wconf 89' lang='lat' dir='ltr'>incerta</span> <span class='ocrx_word' id='word_1_285' title='bbox 1140 4012 1174 4070; x_wconf 90' lang='lat' dir='ltr'>et</span> <span class='ocrx_word' id='word_1_286' title='bbox 1200 4005 1351 4090; x_wconf 88' lang='lat' dir='ltr'>ambigna</span> <span class='ocrx_word' id='word_1_287' title='bbox 1378 4006 1459 4071; x_wconf 93' lang='lat' dir='ltr'>scri-</span> 
     </span>
     <span class='ocr_line' id='line_1_35' title="bbox 269 4106 1458 4199; baseline 0 -23"><span class='ocrx_word' id='word_1_288' title='bbox 269 4119 365 4198; x_wconf 89' lang='lat' dir='ltr'>ptura</span> <span class='ocrx_word' id='word_1_289' title='bbox 388 4116 454 4186; x_wconf 87' lang='lat' dir='ltr'>est,</span> <span class='ocrx_word' id='word_1_290' title='bbox 474 4106 515 4173; x_wconf 91' lang='lat' dir='ltr'>de</span> <span class='ocrx_word' id='word_1_291' title='bbox 538 4125 600 4192; x_wconf 89' lang='lat' dir='ltr'>qua</span> <span class='ocrx_word' id='word_1_292' title='bbox 624 4126 660 4173; x_wconf 86' lang='lat' dir='ltr'>re</span> <span class='ocrx_word' id='word_1_293' title='bbox 683 4109 902 4194; x_wconf 86' lang='lat' dir='ltr'>interrogatus</span> <span class='ocrx_word' id='word_1_294' title='bbox 923 4110 1035 4199; x_wconf 83' lang='lat' dir='ltr'>blynas</span> <span class='ocrx_word' id='word_1_295' title='bbox 1058 4111 1278 4198; x_wconf 88' lang='lat' dir='ltr'>discrepantes</span> <span class='ocrx_word' id='word_1_296' title='bbox 1304 4118 1336 4177; x_wconf 91' lang='lat' dir='ltr'>et</span> <span class='ocrx_word' id='word_1_297' title='bbox 1361 4112 1458 4177; x_wconf 90' lang='lat' dir='ltr'>inter·</span> 
     </span>
    </p>
   </div>
   <div class='ocr_carea' id='block_1_4' title="bbox 265 4396 1459 4634">
    <p class='ocr_par' dir='ltr' id='par_1_6' title="bbox 265 4396 1459 4634">
     <span class='ocr_line' id='line_1_36' title="bbox 308 4396 1458 4477; baseline 0.002 -21"><span class='ocrx_word' id='word_1_298' title='bbox 308 4396 336 4475; x_wconf 86' lang='lat'>1&#39;)</span> <span class='ocrx_word' id='word_1_299' title='bbox 356 4410 512 4461; x_wconf 76' lang='lat' dir='ltr'>Pnuosrnnrn</span> <span class='ocrx_word' id='word_1_300' title='bbox 532 4411 612 4460; x_wconf 85' lang='lat' dir='ltr'>Traite&#39;</span> <span class='ocrx_word' id='word_1_301' title='bbox 643 4427 687 4460; x_wconf 88' lang='lat' dir='ltr'>sur</span> <span class='ocrx_word' id='word_1_302' title='bbox 718 4411 741 4459; x_wconf 89' lang='lat' dir='ltr'>lu</span> <span class='ocrx_word' id='word_1_303' title='bbox 772 4413 954 4476; x_wconf 79' lang='lat' dir='ltr'>Gymnustique</span> <span class='ocrx_word' id='word_1_304' title='bbox 986 4412 1059 4460; x_wconf 81' lang='lat' dir='ltr'>Toxle</span> <span class='ocrx_word' id='word_1_305' title='bbox 1091 4414 1155 4459; x_wconf 83' lang='lat' dir='ltr'>Grec</span> <span class='ocrx_word' id='word_1_306' title='bbox 1185 4415 1352 4477; x_wconf 78' lang='lat' dir='ltr'>accompagnd</span> <span class='ocrx_word' id='word_1_307' title='bbox 1380 4412 1458 4459; x_wconf 89' lang='lat' dir='ltr'>d’une</span> 
     </span>
     <span class='ocr_line' id='line_1_37' title="bbox 267 4490 1459 4557; baseline 0.001 -20"><span class='ocrx_word' id='word_1_308' title='bbox 267 4490 410 4538; x_wconf 88' lang='lat' dir='ltr'>traduction</span> <span class='ocrx_word' id='word_1_309' title='bbox 441 4507 475 4539; x_wconf 85' lang='lat' dir='ltr'>en</span> <span class='ocrx_word' id='word_1_310' title='bbox 501 4491 590 4556; x_wconf 85' lang='lat' dir='ltr'>regard</span> <span class='ocrx_word' id='word_1_311' title='bbox 610 4495 636 4539; x_wconf 87' lang='lat' dir='ltr'>et</span> <span class='ocrx_word' id='word_1_312' title='bbox 656 4491 687 4540; x_wconf 92' lang='lat' dir='ltr'>de</span> <span class='ocrx_word' id='word_1_313' title='bbox 709 4496 782 4539; x_wconf 89' lang='lat' dir='ltr'>notes</span> <span class='ocrx_word' id='word_1_314' title='bbox 803 4505 847 4557; x_wconf 88' lang='lat' dir='ltr'>par</span> <span class='ocrx_word' id='word_1_315' title='bbox 868 4492 911 4541; x_wconf 78' lang='lat' dir='ltr'>Cn.</span> <span class='ocrx_word' id='word_1_316' title='bbox 932 4491 1081 4541; x_wconf 79' lang='lat' dir='ltr'>Dnnnnnnnu</span> <span class='ocrx_word' id='word_1_317' title='bbox 1112 4491 1304 4542; x_wconf 74' lang='lat' dir='ltr'>bibliothecaire</span> <span class='ocrx_word' id='word_1_318' title='bbox 1325 4493 1356 4541; x_wconf 87' lang='lat' dir='ltr'>de</span> <span class='ocrx_word' id='word_1_319' title='bbox 1377 4492 1401 4541; x_wconf 89' lang='lat' dir='ltr'>la</span> <span class='ocrx_word' id='word_1_320' title='bbox 1421 4491 1459 4539; x_wconf 90' lang='lat' dir='ltr'>Bi-</span> 
     </span>
     <span class='ocr_line' id='line_1_38' title="bbox 265 4570 958 4634; baseline -0.001 -15"><span class='ocrx_word' id='word_1_321' title='bbox 265 4570 413 4634; x_wconf 79' lang='lat' dir='ltr'>bliothdque</span> <span class='ocrx_word' id='word_1_322' title='bbox 433 4571 563 4622; x_wconf 76' lang='lat' dir='ltr'>illaiamne.</span> <span class='ocrx_word' id='word_1_323' title='bbox 605 4571 681 4621; x_wconf 89' lang='lat' dir='ltr'>Paris.</span> <span class='ocrx_word' id='word_1_324' title='bbox 712 4571 850 4620; x_wconf 82' lang='lat' dir='ltr'>llovcmbrc</span> <span class='ocrx_word' id='word_1_325' title='bbox 873 4571 958 4620; x_wconf 81' lang='lat'>1858.</span> 
     </span>
    </p>
   </div>
   <div class='ocr_carea' id='block_1_5' title="bbox 0 0 1640 5190">
    <p class='ocr_par' dir='ltr' id='par_1_7' title="bbox 0 0 1640 5190">
     <span class='ocr_line' id='line_1_39' title="bbox 0 0 1640 5190; baseline 0 2"><span class='ocrx_word' id='word_1_326' title='bbox 0 0 1640 5190; x_wconf 95' lang='lat' dir='ltr'> </span> 
     </span>
    </p>
   </div>
  </div>
 </body>
</html>
