3270 5190
699 455 739 517 75

126 633 223 700 sunt,
258 622 330 689 vide
356 623 553 710 mihiquem
583 635 703 694 temere
738 626 878 714 priorem
914 622 1000 689 illam
1038 621 1233 709 scripturam
1272 619 1311 686 de

125 747 183 793 suo
200 736 401 796 commentus
421 728 529 797 luerit.

170 834 259 914 Quod
284 835 399 900 scribit
425 835 638 903 Philostratus
663 858 692 924 p.
714 839 775 914 42,
800 841 835 901 5:
866 837 896 901 ἐν
919 833 1087 918 Ὀλυμπίρι
1111 834 1217 899 elren
1238 833 1311 916 ὑπὲρ

124 937 353 1020 κηρυγμάτων,
385 939 429 1006 ὧν
460 943 524 1008 cccl
554 950 751 1025 Ἡρακλῆς
783 942 853 1022 ἥρω
884 960 948 1026 quo
979 947 1101 1026 spectet
1133 938 1237 1025 palam
1265 936 1311 1003 la·

124 1046 187 1110 ciet
219 1045 396 1111 Pausanias
415 1047 453 1113 V.
480 1069 522 1113 nt.
549 1054 578 1114 4.
610 1049 742 1126 λέγετοιι
774 1047 805 1112 δὲ
832 1045 884 1112 nai
913 1048 942 1120 ἐς
968 1047 1062 1110 odric
1086 1044 1244 1125 Ἡράκλὲω
1272 1046 1310 1117 cic

18 1181 20 1186 ¹
124 1149 229 1225 πάλης
268 1176 303 1216 τε
331 1151 468 1218 άνὲλοιτο
499 1153 552 1218 cccl
580 1154 778 1236 παγκρατίου
809 1153 907 1224 νίκοις.
967 1150 1049 1214 Hinc
1088 1150 1119 1213 ἐν
1153 1158 1224 1222 roric
1253 1156 1311 1215 των

123 1261 369 1334 Ὀλυμπιονικῶν
393 1259 599 1341 άνοινροιφωῑς
620 1260 676 1344 qui
700 1258 838 1344 palmam
870 1254 1031 1341 duplicem
1058 1253 1207 1319 tulissent
1237 1273 1312 1321 ean·

124 1363 220 1439 dem,
247 1383 344 1448 quam
365 1363 441 1427 olim
467 1362 642 1441 HerculcS‚
675 1362 714 1428 ab
735 1360 872 1427 Hercule
904 1357 1176 1438 numerabantur,
1213 1367 1250 1425 ut
1274 1380 1313 1427 cx

122 1467 314 1532 Eusebianis
335 1467 502 1532 chronicis
521 1477 665 1554 apparet.
715 1465 762 1532 Ad
792 1464 1014 1554 Olympiadem
1036 1463 1154 1530 CXLII.
1181 1473 1311 1530 annota-

123 1579 199 1638 tur:

167 1675 264 1758 Κάρος
299 1676 345 1766 (L.
368 1674 505 1760 Κάπρος)
542 1679 662 1751 Ἠλεῖος
689 1676 741 1743 oct
773 1674 878 1750 πάλην
910 1676 962 1742 ccccl
1000 1673 1193 1757 ποινκράτιον
1226 1675 1311 1742 ἕνίκοι

123 1780 208 1858 μετά
233 1782 402 1862 Ἡρκκλὲοι.
429 1783 482 1849 cccl
505 1783 731 1866 άνωνράφετοιι
766 1782 943 1863 δεύτερος
967 1784 1037 1864 άφ’
1063 1781 1309 1862 Ἡρωκλέους.

170 1885 217 1951 Ad
243 1885 463 1974 Olympiadem
485 1888 588 1954 CLVI.
613 1891 626 1954 i
648 1889 740 1961 ωὑτὸς
765 1889 800 1954 τὸ
821 1887 921 1969 τρίτον
943 1887 1053 1961 Ῥόδιος
1078 1887 1208 1969 τρίτος
1237 1888 1310 1970 άφ’

123 1991 366 2071 Ἡροικλέους
394 1992 500 2069 πάλην
524 1995 598 2073 ὁμοῦ
623 1995 675 2060 cul
700 1992 905 2075 ποινιιράτιον.

168 2094 216 2161 ml
252 2094 474 2183 Olympiadem
504 2097 655 2165 CLXXII.
703 2095 912 2181 Πρωτοφάνης
946 2095 1083 2174 Μάγνης
1119 2095 1225 2172 πάλην
1257 2097 1309 2163 cccci

123 2199 317 2281 rrcyapcirrcc
350 2202 550 2284 τέτωρτος
582 2207 655 2286 άφ’
683 2202 931 2285 Ἡρωκλέους.

170 2305 217 2371 Ad
243 2304 465 2394 Olympiadem
487 2309 678 2374 CLXXVIII.
703 2308 905 2391 Στροιπίνικος
927 2303 1066 2386 Κοράγου
1088 2305 1308 2391 Ἀλεξάνδρεὺς

123 2412 230 2487 πάλην
250 2411 303 2477 acci
328 2413 523 2496 πωγκράτιον
548 2414 731 2495 πέμπτος
759 2414 831 2496 άφ’
857 2411 1104 2494 Ἤρκκλὲους.

177 2515 225 2582 Ad
245 2502 480 2604 'Olympiadem
504 2518 683 2585 CLXXXII.
717 2520 843 2600 Μοιρίων
876 2516 1034 2599 Μωρίωνος
1065 2516 1310 2600 Ἀλεξάνδρεὺς,

123 2621 230 2697 πάλην
253 2621 305 2687 acci
331 2622 525 2705 παγκράτιον
549 2620 665 2697 ἕκτος
691 2625 765 2706 άφ’
789 2623 1045 2704 Ἡροικλέους.

169 2726 217 2792 Ad
242 2725 463 2815 Olympiadem
484 2727 644 2795 CXCVIII.
670 2729 812 2809 Ἀριςέοις
836 2729 1060 2809 Στροιτονιιιεὺς
1081 2729 1098 2805 ἢ
1122 2728 1309 2811 Μκιάνδριος

123 2831 229 2907 πάλην
249 2833 301 2898 ccccl
322 2832 517 2915 rrcyrcpclrrca
544 2830 720 2913 ἕβδομος
750 2836 826 2917 άφ’
852 2834 1105 2914 Ἡροοκλέους.

169 2936 217 3002 Ad
250 2935 470 3025 Olympiadem
494 2937 593 3003 CCIV.
628 2937 767 3019 Στράτος
803 2937 964 3027 (Στράτις)
996 2937 1173 3020 Ἀρνεάτης
1205 2938 1309 3014 πάλην

122 3041 175 3108 uoci
213 3042 409 3126 πκγκράτιον
442 3044 577 3122 άγδίος
611 3045 682 3125 άφ’
716 3044 944 3125 Ἡρωκλεόυς
976 3043 1022 3111 ἔτι
1051 3044 1307 3126 ποιροιβροιβευάν-

121 3172 181 3213 των
200 3149 259 3212 τῶν
284 3150 414 3215 Ἠλείων
437 3151 506 3224 τοὺς
533 3149 729 3230 δυνωμίνους.

168 3253 312 3338 Denique
332 3254 371 3319 ad
397 3254 617 3344 Olympiadem
635 3256 810 3322 CCXXXII.
834 3256 1001 3338 Σωκράτης
1020 3255 1125 3331 πάλην
1149 3256 1200 3323 acci
1223 3281 1308 3335 ποιν-

121 3355 243 3438 κράτιον
273 3360 541 3443 ἀποκρυψάμενος
574 3362 814 3443 ποιρεβροιβεάίη
844 3363 902 3428 ὑπὸ
938 3363 1093 3428 Διονυσίου
1119 3361 1306 3437 Σελευκίως.

169 3463 226 3528 Est
249 3483 363 3549 operae
393 3468 534 3551 pretium
570 3486 644 3531 oum
679 3466 729 3531 Iris
763 3468 939 3533 Pausaniae
971 3467 1154 3532 testimonia
1183 3487 1308 3553 compo·

123 3588 210 3634 nere.
258 3570 403 3634 Primum
429 3590 467 3635 ex
494 3569 575 3635 libro
595 3570 631 3636 V.
658 3591 722 3638 xxi.
749 3577 785 3638 9:
811 3571 908 3654 τούτῳ
930 3572 962 3636 δὲ
994 3573 1036 3654 τῷ
1063 3571 1148 3653 λίνῳ
1172 3570 1307 3654 διάφοροι

123 3671 196 3739 irre
227 3671 360 3757 εῧριοιιον
388 3675 431 3741 τά
454 3675 583 3741 Ἠλείων
612 3675 642 3748 ἐς
668 3677 737 3750 τοὺς
764 3676 1011 3754 Ὀλυμπιονίκαις
1039 3676 1231 3758 γράμμοιτοι.
1261 3675 1307 3746 ἔτι

123 3778 186 3861 γάρ
213 3781 248 3856 δη
273 3781 303 3845 ἐν
332 3790 394 3856 τοῖς
417 3780 587 3864 γράμμοοοι
617 3781 734 3854 τούτοις
761 3780 931 3862 Στράτωνοο
954 3781 1162 3864 Ἀλεξάνδρέοι
1185 3784 1307 3861 Ὀλυμ-

123 3884 210 3951 πιάδι
238 3886 329 3972 ὀγδόη
356 3887 442 3964 μετά
470 3887 528 3960 τάς
560 3886 771 3966 ἑβδομήκοντά
803 3888 855 3953 acci
883 3888 992 3954 ἕκοιτὸν
1015 3888 1065 3953 ἐπὶ
1095 3886 1211 3968 η’μὲροις
1238 3888 1308 3952 άνε·

123 3989 230 4056 λὲοίοιι
265 3997 321 4065 τῆς
349 3994 446 4066 αὐτῆς
482 3992 679 4074 ποινκροοτίου
715 3993 767 4058 κοά
802 3990 907 4068 πάλης
943 3994 1034 4068 νίκην.
1059 4031 1105 4042 -
1129 3990 1307 4074 Στράτωνος

122 4095 154 4160 δὲ
179 4097 287 4162 τούτου
311 4106 391 4178 τρεῖς
411 4098 468 4176 μὲν
493 4097 598 4182 ηλικίρο
624 4097 785 4180 πρότερον,
809 4104 944 4166 τοσοῦτοι
979 4099 1011 4165 δὲ
1042 4096 1134 4164 άλλοι
1157 4106 1230 4178 μετ’
1253 4102 1308 4166 κά·

121 4198 174 4266 τάν
198 4203 255 4268 sicr
277 4201 361 4276 δῆλοι
384 4203 436 4270 τον
459 4201 574 4269 κότινον
595 4205 791 4284 ποιγκροοτίου
811 4231 847 4270 τε
869 4204 952 4271 ecre
970 4203 1136 4286 είληφίτες
1162 4204 1214 4269 κω)
1246 4201 1308 4268 πά·

122 4318 202 4380 λης·
227 4307 279 4372 cci
305 4314 419 4389 πρῶτος
440 4308 495 4385 μὲν
525 4306 560 4385 ἐξ
579 4311 677 4385 cirne
697 4311 823 4384 Ἤλιδος
846 4308 988 4391 Κάπρος,
1013 4309 1168 4384 Ἑλλήνων
1191 4308 1222 4373 δὲ
1250 4314 1309 4375 τῶν

122 4411 217 4494 πέρων
252 4414 386 4492 Αίγοιίου
418 4413 528 4487 Ῥόδιός
561 4439 596 4480 τε
632 4415 829 4497 Ἀριςομένης
862 4418 913 4482 cccl
947 4416 1128 4493 Μοιγνάτων
1162 4414 1222 4479 τῶν
1258 4413 1308 4480 ἐπὶ

120 4517 243 4600 Ληίοιίιρ
280 4517 499 4603 Πρωτοφάνης.
550 4523 589 4588 Oi
622 4521 653 4589 δὲ
684 4519 786 4605 ι’ίςερου
818 4528 870 4590 τοῦ
904 4519 1084 4606 Στράτωνος
1120 4520 1245 4601 Μκρίων
1273 4544 1310 4588 τε
