3270 5190
793 436 834 497 ⁶20

228 606 373 691 requiri,
397 606 481 692 quod
506 607 544 674 de
565 608 746 698 gynrnastis
769 608 892 675 dictum
918 605 997 684 luit,
1022 627 1161 693 quorum
1183 610 1237 676 alii
1257 610 1290 676 id
1315 611 1414 701 (quud

229 730 315 776 nunc
339 712 516 802 intercidit)
548 716 697 800 ἀμαθῶς,
730 714 785 780 alii
809 714 863 791 ξὺν
888 714 1025 797 toletan
1045 715 1098 780 καὶ
1131 714 1343 798 adoptarere
1367 715 1413 780 di·

228 816 394 885 cebantur.
442 819 649 905 Perspicitur,
665 818 723 886 hoc
744 828 776 885 et
800 819 929 886 aliunde
949 826 981 885 et
1003 839 1041 885 ex
1064 820 1171 886 verbis
1195 817 1294 886 αὐτὸ
1316 822 1413 903 πράτ-

226 947 349 1001 τοοτες,
374 943 456 1009 quae
488 925 526 989 de
558 944 646 990 more
674 923 863 990 referuntur
890 924 929 990 acl
958 924 1091 991 verbum
1113 927 1260 1012 prou-imo
1286 949 1413 1011 proece-

227 1027 323 1106 deos,
355 1028 439 1114 quod
469 1047 508 1092 ue
533 1029 702 1095 invenuste
734 1037 936 1115 repeteretur
966 1029 1162 1096 substituere
1190 1033 1267 1097 αὐτὸ
1292 1040 1412 1109 ποιεῖν,

226 1135 302 1198 αὐτὸ
326 1135 420 1214 opto,
451 1135 527 1200 αὐτὸ
555 1133 702 1215 πράττεοο
725 1142 758 1201 et
779 1134 912 1202 Veteres
945 1133 1088 1201 solebant
1120 1135 1277 1220 hodieque
1302 1156 1413 1202 omnes

226 1238 270 1302 ita
291 1236 376 1324 loqui
401 1237 551 1305 solemus.
601 1239 654 1306 Sic
679 1240 908 1326 Aristophanes
932 1241 966 1306 in
994 1240 1092 1306 Pluto·
1119 1261 1165 1306 vs.
1192 1245 1278 1306 644:

361 1345 508 1427 ταχέως,
530 1347 655 1429 ταχέας
679 1347 749 1429 <bip
773 1343 871 1423 οἷοοο,
896 1343 916 1412 ὦ
941 1347 1081 1424 δέσποιν’,
1116 1344 1166 1412 ibo

361 1453 461 1527 nodab
486 1452 578 1534 πίρς·
603 1459 708 1535 φιλεῖς
732 1454 763 1520 δὲ
787 1455 897 1536 δρῶο’
921 1456 1012 1520 αὐτὸ
1037 1454 1168 1537 σφόδρα.

226 1558 343 1645 quibus
364 1556 482 1621 similia
501 1558 618 1642 passim
639 1566 826 1627 occurrunt.
872 1559 985 1645 ltaque
1004 1562 1030 1627 oi
1050 1562 1107 1639 μὲν
1131 1559 1297 1638 ἀμαθῶς
1324 1557 1411 1646 (uam

225 1664 273 1727 sic
297 1683 355 1748 pro
382 1664 515 1741 ἀμαθεῖς
541 1661 747 1727 scribendum
778 1682 847 1728 esse
879 1664 1086 1730 manifestum
1114 1662 1176 1752 est)
1213 1665 1290 1729 αὐτὸ
1314 1663 1412 1745 πράτ·

225 1792 329 1840 τοοτες
354 1775 386 1832 et
409 1768 435 1831 oi
458 1766 490 1831 δὲ
522 1765 576 1842 ξὺν
606 1767 742 1848 incedut
770 1768 822 1832 col
854 1767 938 1848 λόγῳ
966 1766 1154 1835 reseruntur·
1182 1772 1223 1836 ad
1255 1773 1411 1850 verbum,

224 1871 310 1958 quod
340 1872 373 1936 in
405 1871 559 1956 proximis
592 1871 767 1937 intercidit.
822 1871 1009 1937 Cuiusmodi
1048 1871 1108 1938 hoc
1144 1875 1276 1940 verbum
1313 1877 1412 1943 luerit

223 1979 317 2065 plane
348 1976 512 2043 declarant
538 1997 618 2064 quae
649 1987 850 2064 sequuntur:
887 1996 1001 2063 nempe
1024 1980 1126 2054 θοοοθο
1158 1986 1214 2043 aut
1250 1981 1409 2061 θαοάζεα,

224 2094 260 2150 ut
283 2091 353 2170 post
382 2103 503 2170 pauca,
539 2082 594 2149 ubi
626 2083 681 2150 dat
714 2090 883 2170 praecepta
917 2082 1004 2148 illius
1035 2083 1105 2160 rei,
1128 2102 1190 2169 qua
1215 2083 1253 2148 de
1280 2087 1407 2168 agitur,

224 2191 356 2257 scribit:
390 2189 579 2267 ἡλοατέοο
604 2190 635 2255 δὲ
656 2192 683 2256 οἱ
707 2190 951 2274 φλεγματώδεις
980 2192 1123 2268 μᾶλλον,
1147 2198 1178 2254 ct
1202 2191 1321 2254 iterum
1354 2189 1407 2254 καὶ

225 2297 445 2375 incedebat
469 2297 495 2362 οἱ
519 2296 576 2374 μὲν
599 2297 780 2377 προήκοντες
803 2296 891 2376 ἀργοὶ
916 2294 1048 2374 κείμεθα
1073 2296 1138 2361 uri.
1185 2292 1327 2360 Ioculare
1350 2294 1408 2358 La·

222 2406 291 2471 tine
314 2402 455 2478 dicitur,
488 2399 520 2463 id
549 2408 598 2465 est
626 2401 701 2464 colis
731 2401 831 2464 radiis
854 2410 884 2465 et
905 2402 1006 2465 cestui
1037 2423 1199 2486 exponere.
1247 2401 1330 2481 Quid
1354 2400 1411 2485 igi·

221 2519 278 2576 tur
302 2508 427 2572 dixerat
451 2503 690 2569 Philostratus?
737 2502 823 2568 Nihil
845 2506 930 2568 enim
961 2504 1124 2589 praeeedit
1157 2514 1284 2590 praeter
1313 2506 1409 2585 θέρους

221 2615 265 2683 δέ.
314 2611 444 2678 Faciam
478 2617 513 2675 ut
548 2611 641 2675 scias.
689 2608 827 2675 lletrahe
860 2607 923 2674 huc
956 2628 995 2674 ex
1025 2609 1289 2674 antecedentibus
1327 2611 1407 2683 sibu:

221 2716 385 2808 praecedit
415 2717 501 2781 enirn
534 2719 588 2780 τοῦ
620 2716 817 2796 παγκρατίου
840 2716 883 2782 τοὶ
917 2714 987 2795 ὀρθοὶ
1022 2714 1120 2788 εἴδη.
1153 2714 1249 2795 θέρους
1286 2714 1339 2791 δὲ,
1371 2733 1409 2778 ac

221 2824 294 2891 vide
327 2843 366 2889 au
403 2842 442 2889 ex
474 2831 748 2888 ΕΙΔΗΘΕΡΟΤΣ
782 2818 954 2907 fugitivum
989 2819 1122 2886 verbum
1153 2839 1190 2885 ac
1220 2819 1325 2884 latens
1357 2819 1408 2884 de·

222 3039 276 3110 θῶς
311 3037 388 3103 αὐτὸ
422 3035 612 3118 πράττοντες
652 3035 717 3098 κτὲ.
774 3033 832 3098 Est
867 3033 952 3099 enitrt
985 3034 1148 3114 εἷλορθερεῖο
1193 3030 1276 3097 idem
1313 3038 1410 3116 atque

222 3145 343 3216 ἀαοοῦο,
367 3137 637 3223 quemadmodum
663 3138 880 3217 εἱληθερεῖσθαι
903 3157 959 3222 pro
979 3140 1154 3215 ἧλοοῦοθαο,
1174 3137 1319 3214 insulari,
1345 3137 1409 3203 dici

221 3245 311 3312 solet.
360 3243 478 3307 lilirum
503 3241 592 3306 dictu
620 3247 668 3305 est
704 3260 783 3325 quas
818 3240 939 3307 soleant
971 3241 1096 3307 scribae
1131 3242 1242 3307 turbas
1274 3241 1351 3307 darc
1376 3245 1408 3307 in

220 3348 285 3424 εἵατο
311 3356 343 3413 et
371 3348 412 3412 iis
432 3344 603 3422 omnibus,
628 3363 710 3431 quae
732 3364 770 3409 eu
792 3364 829 3409 eo
854 3346 984 3412 nourine
1009 3345 1146 3412 formata
1170 3356 1245 3412 sunt
1269 3357 1301 3412 et
1324 3368 1408 3412 com·

219 3456 334 3544 posita.
382 3453 477 3517 Raro>
499 3451 568 3516 sine
599 3450 684 3515 malo
707 3450 826 3516 abeunt
849 3449 974 3530 ἀεοοος,
998 3449 1135 3532 adriaco,
1159 3453 1340 3534 πρθεεοαος,
1365 3457 1408 3519 εἱ·

219 3563 345 3642 ααθερθς
370 3566 402 3625 et
426 3558 597 3636 εἱλοθερεῖο.
646 3555 806 3622 Substitui
830 3556 871 3622 iis
893 3555 1012 3623 formas
1036 3558 1167 3623 vitiosas
1189 3558 1316 3632 εθεαος,
1340 3560 1408 3634 edn-

220 3684 293 3744 αορ,
327 3664 477 3747 πρθοααος
506 3663 538 3727 in
567 3661 663 3727 Novis
696 3661 795 3727 Lectt.
828 3661 1039 3728 ostendimus.
1087 3662 1302 3730 Philostratus
1339 3664 1408 3750 ipse

220 3776 252 3840 in
279 3772 398 3838 vicinia
429 3770 476 3836 sic
500 3775 672 3855 corruptus
703 3766 781 3833 luit:
818 3768 850 3832 in
877 3767 1066 3860 apographo
1093 3771 1180 3836 enim
1212 3778 1281 3836 est:
1317 3771 1406 3852 ἀργοὶ

220 3881 351 3958 κείμενοι
382 3875 435 3941 καὶ
468 3875 661 3956 πρόπολοι
694 3874 781 3939 κατά
804 3873 918 3941 ταύτὰ.
943 3874 1020 3960 (τοῖς
1044 3873 1239 3963 addendum)
1264 3876 1408 3956 ὠπταμέ·

219 4009 278 4057 νοις
305 3983 382 4070 (imo
406 3999 480 4045 veto
503 3978 727 4066 inrepitete),
753 3978 807 4044 scil
832 3978 946 4044 Editor
968 3987 1054 4044 recle
1078 3980 1230 4061 πρόσεολοο
1255 3983 1406 4048 correxit.

220 4092 255 4157 lu
281 4085 415 4170 reliquis
438 4083 577 4168 genuina
611 4084 772 4168 scriptura
804 4091 851 4149 est
882 4080 948 4158 εἵαορ
982 4083 1057 4172 (non
1086 4084 1166 4173 einp)
1192 4093 1224 4150 et
1252 4089 1407 4168 εἱληθερθς

219 4205 250 4262 et
276 4193 448 4272 cibulcpeir.
495 4186 594 4254 Nihili
619 4195 694 4253 sunt
718 4189 899 4274 scripturae
932 4189 1102 4271 εἷλοθερές,
1136 4191 1296 4272 εἷλοθορές,
1329 4194 1407 4260 ἕλεο-

219 4302 319 4383 θερές,
349 4295 500 4379 ἕαοθερές,
534 4295 717 4375 εἰλαθερεῖο,
749 4294 955 4375 ἕλοθερείοθω,
980 4297 1108 4361 elsim.
1158 4296 1318 4382 Antiquae
1343 4297 1405 4364 sor·

218 4426 290 4472 mae
321 4411 397 4468 suut
428 4402 574 4468 Aeolicae
601 4419 638 4464 ac
666 4399 799 4465 Doricae
827 4398 934 4477 Fine,
971 4400 1056 4466 unde
1091 4399 1175 4485 apud
1206 4401 1405 4490 Hesychium

218 4511 343 4577 cino:
369 4506 450 4583 ἥλιος
475 4506 527 4573 καὶ
552 4506 659 4584 αὐγή,
684 4512 716 4571 ct
743 4505 892 4571 Γέλαοε
929 4507 1029 4584 cipho
1054 4506 1160 4584 ἡλίου,
1192 4515 1224 4574 et
1256 4509 1405 4573 Βεααά-
