<?xml version="1.0" encoding="UTF-8"?>
<!DOCTYPE html PUBLIC "-//W3C//DTD XHTML 1.0 Transitional//EN"
    "http://www.w3.org/TR/xhtml1/DTD/xhtml1-transitional.dtd">
<html xmlns="http://www.w3.org/1999/xhtml" xml:lang="en" lang="en">
 <head>
  <title>
</title>
<meta http-equiv="Content-Type" content="text/html;charset=utf-8" />
  <meta name='ocr-system' content='tesseract 3.04.00' />
  <meta name='ocr-capabilities' content='ocr_page ocr_carea ocr_par ocr_line ocrx_word'/>
</head>
<body>
  <div class='ocr_page' id='page_1' title='image "./dephilostratili00cobegoog_0056.png"; bbox 0 0 3270 5190; ppageno 0'>
   <div class='ocr_carea' id='block_1_1' title="bbox 807 439 848 501">
    <p class='ocr_par' dir='ltr' id='par_1_1' title="bbox 807 439 848 501">
     <span class='ocr_line' id='line_1_1' title="bbox 807 439 848 501; baseline -0.049 0"><span class='ocrx_word' id='word_1_1' title='bbox 807 439 848 501; x_wconf 79' lang='lat' dir='ltr'><strong>to</strong></span> 
     </span>
    </p>
   </div>
   <div class='ocr_carea' id='block_1_2' title="bbox 182 608 1415 4464">
    <p class='ocr_par' dir='ltr' id='par_1_2' title="bbox 220 608 1415 1321">
     <span class='ocr_line' id='line_1_2' title="bbox 223 608 1415 698; baseline -0.002 -18"><span class='ocrx_word' id='word_1_2' title='bbox 223 613 308 692; x_wconf 75' lang='grc' dir='ltr'><em>μετα</em></span> <span class='ocrx_word' id='word_1_3' title='bbox 340 611 421 687; x_wconf 81' lang='grc' dir='ltr'><em>νίιινν</em></span> <span class='ocrx_word' id='word_1_4' title='bbox 452 612 635 691; x_wconf 75' lang='grc' dir='ltr'><em>ἡττώμενον.</em></span> <span class='ocrx_word' id='word_1_5' title='bbox 684 611 750 676; x_wconf 90' lang='lat' dir='ltr'><strong>Non</strong></span> <span class='ocrx_word' id='word_1_6' title='bbox 785 612 891 698; x_wconf 80' lang='lat' dir='ltr'><strong>potuit</strong></span> <span class='ocrx_word' id='word_1_7' title='bbox 919 610 1004 675; x_wconf 85' lang='lat' dir='ltr'><strong>eninr</strong></span> <span class='ocrx_word' id='word_1_8' title='bbox 1037 615 1110 691; x_wconf 88' lang='grc' dir='ltr'><em>παρ’</em></span> <span class='ocrx_word' id='word_1_9' title='bbox 1133 613 1239 684; x_wconf 80' lang='grc' dir='ltr'><em>αὐτοῖς</em></span> <span class='ocrx_word' id='word_1_10' title='bbox 1273 608 1415 678; x_wconf 78' lang='lat' dir='ltr'><strong>scribere</strong></span> 
     </span>
     <span class='ocr_line' id='line_1_3' title="bbox 224 713 1415 802; baseline 0.001 -20"><span class='ocrx_word' id='word_1_11' title='bbox 224 720 286 783; x_wconf 89' lang='lat' dir='ltr'><strong>cisi</strong></span> <span class='ocrx_word' id='word_1_12' title='bbox 310 728 404 784; x_wconf 89' lang='lat' dir='ltr'><strong>antea</strong></span> <span class='ocrx_word' id='word_1_13' title='bbox 428 716 562 784; x_wconf 84' lang='lat' dir='ltr'>dixisset</span> <span class='ocrx_word' id='word_1_14' title='bbox 596 715 679 801; x_wconf 91' lang='lat' dir='ltr'><strong>apud</strong></span> <span class='ocrx_word' id='word_1_15' title='bbox 716 735 796 801; x_wconf 91' lang='lat' dir='ltr'><strong>quos</strong></span> <span class='ocrx_word' id='word_1_16' title='bbox 822 713 948 780; x_wconf 83' lang='lat' dir='ltr'><strong>Attalus</strong></span> <span class='ocrx_word' id='word_1_17' title='bbox 981 735 1055 780; x_wconf 89' lang='lat' dir='ltr'><strong>cum</strong></span> <span class='ocrx_word' id='word_1_18' title='bbox 1089 718 1204 802; x_wconf 89' lang='lat' dir='ltr'><strong>capitis</strong></span> <span class='ocrx_word' id='word_1_19' title='bbox 1228 715 1415 783; x_wconf 77' lang='lat' dir='ltr'><strong>discrimine</strong></span> 
     </span>
     <span class='ocr_line' id='line_1_4' title="bbox 223 820 1415 908; baseline 0.003 -22"><span class='ocrx_word' id='word_1_20' title='bbox 223 824 341 889; x_wconf 88' lang='lat' dir='ltr'><strong>iterum</strong></span> <span class='ocrx_word' id='word_1_21' title='bbox 366 823 549 888; x_wconf 88' lang='lat' dir='ltr'><strong>certaverit.</strong></span> <span class='ocrx_word' id='word_1_22' title='bbox 599 821 752 906; x_wconf 81' lang='lat' dir='ltr'><strong>Suspicor</strong></span> <span class='ocrx_word' id='word_1_23' title='bbox 783 825 984 886; x_wconf 72' lang='grc' dir='ltr'><em>Πλαταιᾶσιν</em></span> <span class='ocrx_word' id='word_1_24' title='bbox 1018 820 1175 887; x_wconf 83' lang='lat' dir='ltr'><strong>excidisse</strong></span> <span class='ocrx_word' id='word_1_25' title='bbox 1203 824 1303 889; x_wconf 85' lang='lat' dir='ltr'><strong>exiis</strong></span> <span class='ocrx_word' id='word_1_26' title='bbox 1333 842 1415 908; x_wconf 91' lang='lat' dir='ltr'><strong>quae</strong></span> 
     </span>
     <span class='ocr_line' id='line_1_5' title="bbox 222 925 1414 1014; baseline 0.001 -22"><span class='ocrx_word' id='word_1_27' title='bbox 222 927 375 1011; x_wconf 87' lang='lat' dir='ltr'><strong>leguntur</strong></span> <span class='ocrx_word' id='word_1_28' title='bbox 399 949 431 1014; x_wconf 91' lang='lat' dir='ltr'><strong>p.</strong></span> <span class='ocrx_word' id='word_1_29' title='bbox 460 931 523 1001; x_wconf 74' lang='lat' dir='ltr'><strong>tu,</strong></span> <span class='ocrx_word' id='word_1_30' title='bbox 556 929 611 991; x_wconf 70' lang='lat' dir='ltr'><strong>lb:</strong></span> <span class='ocrx_word' id='word_1_31' title='bbox 643 926 695 991; x_wconf 76' lang='grc' dir='ltr'><em>διοὶ</em></span> <span class='ocrx_word' id='word_1_32' title='bbox 722 928 774 992; x_wconf 80' lang='grc' dir='ltr'><strong>τὸν</strong></span> <span class='ocrx_word' id='word_1_33' title='bbox 807 926 894 1004; x_wconf 85' lang='grc' dir='ltr'><em>νίμον</em></span> <span class='ocrx_word' id='word_1_34' title='bbox 927 927 979 991; x_wconf 82' lang='grc' dir='ltr'><strong>τὸν</strong></span> <span class='ocrx_word' id='word_1_35' title='bbox 1006 925 1056 989; x_wconf 78' lang='grc' dir='ltr'><strong>ἐπὶ</strong></span> <span class='ocrx_word' id='word_1_36' title='bbox 1087 934 1150 999; x_wconf 85' lang='grc' dir='ltr'><em>τοῖς</em></span> <span class='ocrx_word' id='word_1_37' title='bbox 1183 928 1414 1007; x_wconf 79' lang='grc' dir='ltr'><em>οίγοινιουμὲνοις</em></span> 
     </span>
     <span class='ocr_line' id='line_1_6' title="bbox 221 1030 1413 1112; baseline 0 -15"><span class='ocrx_word' id='word_1_38' title='bbox 221 1033 379 1111; x_wconf 86' lang='grc' dir='ltr'><em>κείμενον,</em></span> <span class='ocrx_word' id='word_1_39' title='bbox 414 1034 452 1104; x_wconf 80' lang='grc' dir='ltr'><strong>ὡς</strong></span> <span class='ocrx_word' id='word_1_40' title='bbox 478 1031 630 1108; x_wconf 75' lang='grc' dir='ltr'><em>νενόμικεν</em></span> <span class='ocrx_word' id='word_1_41' title='bbox 655 1032 671 1107; x_wconf 72' lang='grc' dir='ltr'><em>ἡ</em></span> <span class='ocrx_word' id='word_1_42' title='bbox 696 1030 859 1096; x_wconf 67' lang='lat' dir='ltr'><strong>unarum.</strong></span> <span class='ocrx_word' id='word_1_43' title='bbox 885 1031 936 1096; x_wconf 85' lang='grc' dir='ltr'><strong>τὸν</strong></span> <span class='ocrx_word' id='word_1_44' title='bbox 959 1030 1022 1109; x_wconf 75' lang='grc' dir='ltr'><strong>γαρ</strong></span> <span class='ocrx_word' id='word_1_45' title='bbox 1044 1030 1097 1105; x_wconf 70' lang='grc' dir='ltr'><strong>ἤδη</strong></span> <span class='ocrx_word' id='word_1_46' title='bbox 1120 1034 1193 1112; x_wconf 90' lang='grc' dir='ltr'><em>παρ’</em></span> <span class='ocrx_word' id='word_1_47' title='bbox 1220 1036 1325 1105; x_wconf 81' lang='grc' dir='ltr'><em>αὐτοῖς</em></span> <span class='ocrx_word' id='word_1_48' title='bbox 1346 1034 1413 1101; x_wconf 82' lang='grc' dir='ltr'><em>ἐςε-</em></span> 
     </span>
     <span class='ocr_line' id='line_1_7' title="bbox 220 1133 1412 1218; baseline 0.001 -17"><span class='ocrx_word' id='word_1_49' title='bbox 220 1137 422 1218; x_wconf 81' lang='grc' dir='ltr'><em>φανοιμίνον,</em></span> <span class='ocrx_word' id='word_1_50' title='bbox 457 1139 483 1202; x_wconf 84' lang='grc' dir='ltr'><strong>εί</strong></span> <span class='ocrx_word' id='word_1_51' title='bbox 517 1135 694 1217; x_wconf 70' lang='grc' dir='ltr'><em>ἀγωνίζοιτο</em></span> <span class='ocrx_word' id='word_1_52' title='bbox 730 1133 814 1210; x_wconf 80' lang='grc' dir='ltr'><em>αὖθις</em></span> <span class='ocrx_word' id='word_1_53' title='bbox 848 1135 1009 1215; x_wconf 81' lang='grc' dir='ltr'><em>ε’γγυντίις</em></span> <span class='ocrx_word' id='word_1_54' title='bbox 1045 1133 1103 1201; x_wconf 78' lang='grc' dir='ltr'><em>ἔδει</em></span> <span class='ocrx_word' id='word_1_55' title='bbox 1143 1145 1323 1213; x_wconf 77' lang='grc' dir='ltr'><em>καταςῆυαι</em></span> <span class='ocrx_word' id='word_1_56' title='bbox 1358 1143 1412 1202; x_wconf 82' lang='grc' dir='ltr'><strong>τοῦ</strong></span> 
     </span>
     <span class='ocr_line' id='line_1_8' title="bbox 222 1240 1082 1321; baseline -0.003 -13"><span class='ocrx_word' id='word_1_57' title='bbox 222 1245 385 1321; x_wconf 75' lang='grc' dir='ltr'><em>σώματος·</em></span> <span class='ocrx_word' id='word_1_58' title='bbox 411 1241 541 1312; x_wconf 87' lang='grc' dir='ltr'><em>ίοίνατος</em></span> <span class='ocrx_word' id='word_1_59' title='bbox 565 1241 629 1321; x_wconf 80' lang='grc' dir='ltr'><em>γίιρ</em></span> <span class='ocrx_word' id='word_1_60' title='bbox 654 1241 817 1320; x_wconf 72' lang='grc' dir='ltr'><em>ἡττωμένῳ</em></span> <span class='ocrx_word' id='word_1_61' title='bbox 843 1240 1082 1320; x_wconf 81' lang='grc' dir='ltr'><em>προσετέτακτο.</em></span> 
     </span>
    </p>

    <p class='ocr_par' dir='ltr' id='par_1_3' title="bbox 218 1342 1412 2574">
     <span class='ocr_line' id='line_1_9' title="bbox 277 1342 1410 1430; baseline 0.002 -19"><span class='ocrx_word' id='word_1_62' title='bbox 277 1346 345 1411; x_wconf 88' lang='lat' dir='ltr'><strong>Non</strong></span> <span class='ocrx_word' id='word_1_63' title='bbox 381 1347 451 1411; x_wconf 88' lang='lat' dir='ltr'><strong>sine</strong></span> <span class='ocrx_word' id='word_1_64' title='bbox 486 1347 554 1409; x_wconf 91' lang='lat' dir='ltr'><strong>risu</strong></span> <span class='ocrx_word' id='word_1_65' title='bbox 593 1364 667 1408; x_wconf 89' lang='lat' dir='ltr'><strong>cum</strong></span> <span class='ocrx_word' id='word_1_66' title='bbox 706 1343 757 1408; x_wconf 93' lang='lat' dir='ltr'><strong>his</strong></span> <span class='ocrx_word' id='word_1_67' title='bbox 797 1342 998 1428; x_wconf 74' lang='lat' dir='ltr'><strong>comparabis</strong></span> <span class='ocrx_word' id='word_1_68' title='bbox 1037 1362 1074 1407; x_wconf 91' lang='lat' dir='ltr'><strong>ea</strong></span> <span class='ocrx_word' id='word_1_69' title='bbox 1113 1363 1196 1428; x_wconf 87' lang='lat' dir='ltr'><strong>quae</strong></span> <span class='ocrx_word' id='word_1_70' title='bbox 1237 1345 1410 1430; x_wconf 85' lang='lat' dir='ltr'><strong>leguntur:</strong></span> 
     </span>
     <span class='ocr_line' id='line_1_10' title="bbox 222 1447 1412 1536; baseline 0.002 -21"><span class='ocrx_word' id='word_1_71' title='bbox 222 1471 252 1536; x_wconf 90' lang='lat' dir='ltr'><strong>p.</strong></span> <span class='ocrx_word' id='word_1_72' title='bbox 275 1455 337 1528; x_wconf 77' lang='lat'><strong>56,</strong></span> <span class='ocrx_word' id='word_1_73' title='bbox 364 1454 427 1514; x_wconf 79' lang='lat'><strong>15:</strong></span> <span class='ocrx_word' id='word_1_74' title='bbox 452 1451 550 1528; x_wconf 77' lang='grc' dir='ltr'><em>νεκρὸν</em></span> <span class='ocrx_word' id='word_1_75' title='bbox 573 1447 637 1526; x_wconf 71' lang='grc' dir='ltr'><strong>γὰρ</strong></span> <span class='ocrx_word' id='word_1_76' title='bbox 661 1447 833 1529; x_wconf 83' lang='grc' dir='ltr'><em>νομίζετίαι</em></span> <span class='ocrx_word' id='word_1_77' title='bbox 857 1447 999 1529; x_wconf 74' lang='grc' dir='ltr'><em>πρότερον</em></span> <span class='ocrx_word' id='word_1_78' title='bbox 1032 1447 1049 1523; x_wconf 77' lang='grc' dir='ltr'>ἢ</span> <span class='ocrx_word' id='word_1_79' title='bbox 1081 1447 1242 1524; x_wconf 75' lang='grc' dir='ltr'><em>ε’γγυντοδς</em></span> <span class='ocrx_word' id='word_1_80' title='bbox 1272 1463 1412 1529; x_wconf 77' lang='grc' dir='ltr'><em>καταςῆ·</em></span> 
     </span>
     <span class='ocr_line' id='line_1_11' title="bbox 222 1551 1411 1636; baseline 0.003 -17"><span class='ocrx_word' id='word_1_81' title='bbox 222 1578 275 1619; x_wconf 82' lang='grc' dir='ltr'><strong>παι</strong></span> <span class='ocrx_word' id='word_1_82' title='bbox 299 1557 353 1618; x_wconf 81' lang='grc' dir='ltr'><strong>τοῦ</strong></span> <span class='ocrx_word' id='word_1_83' title='bbox 387 1552 540 1630; x_wconf 75' lang='grc' dir='ltr'><em>σώματος.</em></span> <span class='ocrx_word' id='word_1_84' title='bbox 590 1551 731 1616; x_wconf 87' lang='lat' dir='ltr'><strong>Pendent</strong></span> <span class='ocrx_word' id='word_1_85' title='bbox 758 1551 836 1617; x_wconf 79' lang='lat' dir='ltr'><strong>haec</strong></span> <span class='ocrx_word' id='word_1_86' title='bbox 870 1552 916 1615; x_wconf 88' lang='lat' dir='ltr'><strong>sic</strong></span> <span class='ocrx_word' id='word_1_87' title='bbox 947 1551 1109 1636; x_wconf 73' lang='lat' dir='ltr'><strong>scriptae</strong></span> <span class='ocrx_word' id='word_1_88' title='bbox 1140 1553 1246 1618; x_wconf 84' lang='lat' dir='ltr'><strong>verbis</strong></span> <span class='ocrx_word' id='word_1_89' title='bbox 1273 1558 1411 1634; x_wconf 80' lang='grc' dir='ltr'><em>κειμένου</em></span> 
     </span>
     <span class='ocr_line' id='line_1_12' title="bbox 224 1654 1408 1746; baseline 0.004 -24"><span class='ocrx_word' id='word_1_90' title='bbox 224 1663 295 1738; x_wconf 85' lang='grc' dir='ltr'><em>παρ’</em></span> <span class='ocrx_word' id='word_1_91' title='bbox 328 1659 434 1731; x_wconf 78' lang='grc' dir='ltr'><em>αὐτοῖς</em></span> <span class='ocrx_word' id='word_1_92' title='bbox 469 1656 571 1735; x_wconf 79' lang='grc' dir='ltr'><em>νόμον.</em></span> <span class='ocrx_word' id='word_1_93' title='bbox 627 1656 738 1742; x_wconf 88' lang='lat' dir='ltr'><strong>Itaque</strong></span> <span class='ocrx_word' id='word_1_94' title='bbox 772 1655 823 1721; x_wconf 87' lang='lat' dir='ltr'><strong>lex</strong></span> <span class='ocrx_word' id='word_1_95' title='bbox 859 1654 980 1720; x_wconf 89' lang='lat' dir='ltr'><strong>dicitur</strong></span> <span class='ocrx_word' id='word_1_96' title='bbox 1014 1654 1111 1721; x_wconf 84' lang='lat' dir='ltr'><strong>inisse</strong></span> <span class='ocrx_word' id='word_1_97' title='bbox 1150 1665 1184 1722; x_wconf 91' lang='lat' dir='ltr'><strong>ut</strong></span> <span class='ocrx_word' id='word_1_98' title='bbox 1220 1661 1408 1746; x_wconf 85' lang='lat' dir='ltr'><strong>priusquam</strong></span> 
     </span>
     <span class='ocr_line' id='line_1_13' title="bbox 223 1759 1409 1852; baseline 0.003 -26"><span class='ocrx_word' id='word_1_99' title='bbox 223 1760 357 1847; x_wconf 90' lang='lat' dir='ltr'><strong>praedes</strong></span> <span class='ocrx_word' id='word_1_100' title='bbox 381 1759 520 1825; x_wconf 87' lang='lat' dir='ltr'><strong>dedisset</strong></span> <span class='ocrx_word' id='word_1_101' title='bbox 541 1782 600 1846; x_wconf 87' lang='lat' dir='ltr'><strong>pro</strong></span> <span class='ocrx_word' id='word_1_102' title='bbox 631 1769 752 1825; x_wconf 86' lang='lat' dir='ltr'><strong>mortuo</strong></span> <span class='ocrx_word' id='word_1_103' title='bbox 783 1760 957 1825; x_wconf 83' lang='lat' dir='ltr'><strong>baberetur.</strong></span> <span class='ocrx_word' id='word_1_104' title='bbox 1006 1760 1119 1846; x_wconf 87' lang='lat' dir='ltr'><strong>Itaque</strong></span> <span class='ocrx_word' id='word_1_105' title='bbox 1151 1772 1321 1849; x_wconf 88' lang='lat' dir='ltr'><strong>postquam</strong></span> <span class='ocrx_word' id='word_1_106' title='bbox 1357 1787 1409 1852; x_wconf 92' lang='lat' dir='ltr'><strong>po-</strong></span> 
     </span>
     <span class='ocr_line' id='line_1_14' title="bbox 222 1863 1407 1956; baseline 0.005 -25"><span class='ocrx_word' id='word_1_107' title='bbox 222 1866 297 1952; x_wconf 82' lang='lat' dir='ltr'><strong>pulo</strong></span> <span class='ocrx_word' id='word_1_108' title='bbox 326 1864 498 1951; x_wconf 78' lang='lat' dir='ltr'><strong>praedibus</strong></span> <span class='ocrx_word' id='word_1_109' title='bbox 529 1866 665 1930; x_wconf 80' lang='lat' dir='ltr'><strong>cavisset</strong></span> <span class='ocrx_word' id='word_1_110' title='bbox 689 1863 858 1929; x_wconf 88' lang='lat' dir='ltr'><strong>videbatur</strong></span> <span class='ocrx_word' id='word_1_111' title='bbox 879 1865 1072 1931; x_wconf 77' lang='lat' dir='ltr'><strong>reviviscere.</strong></span> <span class='ocrx_word' id='word_1_112' title='bbox 1119 1869 1227 1952; x_wconf 85' lang='lat' dir='ltr'><strong>Apage</strong></span> <span class='ocrx_word' id='word_1_113' title='bbox 1260 1871 1407 1956; x_wconf 77' lang='lat' dir='ltr'><strong>ineptias,</strong></span> 
     </span>
     <span class='ocr_line' id='line_1_15' title="bbox 220 1967 1410 2062; baseline 0.005 -27"><span class='ocrx_word' id='word_1_114' title='bbox 220 1970 326 2035; x_wconf 80' lang='lat' dir='ltr'><strong>Nihilo</strong></span> <span class='ocrx_word' id='word_1_115' title='bbox 350 1969 465 2034; x_wconf 91' lang='lat' dir='ltr'><strong>melius</strong></span> <span class='ocrx_word' id='word_1_116' title='bbox 487 1969 669 2054; x_wconf 89' lang='lat' dir='ltr'><strong>Interpres:</strong></span> <span class='ocrx_word' id='word_1_117' title='bbox 706 1989 765 2035; x_wconf 78' lang='lat' dir='ltr'><strong>»en</strong></span> <span class='ocrx_word' id='word_1_118' title='bbox 788 1967 883 2045; x_wconf 87' lang='lat' dir='ltr'><strong>effet,</strong></span> <span class='ocrx_word' id='word_1_119' title='bbox 908 1990 946 2033; x_wconf 87' lang='lat' dir='ltr'><strong>on</strong></span> <span class='ocrx_word' id='word_1_120' title='bbox 979 1970 1009 2034; x_wconf 86' lang='lat' dir='ltr'><strong>te</strong></span> <span class='ocrx_word' id='word_1_121' title='bbox 1032 1971 1127 2034; x_wconf 83' lang='lat' dir='ltr'><strong>tenuit</strong></span> <span class='ocrx_word' id='word_1_122' title='bbox 1155 1972 1302 2039; x_wconf 85' lang='lat' dir='ltr'><strong>d’ooonre</strong></span> <span class='ocrx_word' id='word_1_123' title='bbox 1327 1998 1410 2062; x_wconf 83' lang='lat' dir='ltr'><strong>pour</strong></span> 
     </span>
     <span class='ocr_line' id='line_1_16' title="bbox 219 2071 1408 2164; baseline 0.006 -26"><span class='ocrx_word' id='word_1_124' title='bbox 219 2086 320 2150; x_wconf 74' lang='lat' dir='ltr'><strong>ruore,</strong></span> <span class='ocrx_word' id='word_1_125' title='bbox 345 2095 386 2140; x_wconf 93' lang='lat' dir='ltr'><strong>ou</strong></span> <span class='ocrx_word' id='word_1_126' title='bbox 410 2073 482 2139; x_wconf 91' lang='lat' dir='ltr'><strong>bien</strong></span> <span class='ocrx_word' id='word_1_127' title='bbox 514 2074 533 2138; x_wconf 90' lang='lat' dir='ltr'><strong>it</strong></span> <span class='ocrx_word' id='word_1_128' title='bbox 562 2073 669 2139; x_wconf 87' lang='lat' dir='ltr'><strong>devait</strong></span> <span class='ocrx_word' id='word_1_129' title='bbox 703 2073 827 2138; x_wconf 87' lang='lat' dir='ltr'><strong>donner</strong></span> <span class='ocrx_word' id='word_1_130' title='bbox 851 2071 907 2137; x_wconf 89' lang='lat' dir='ltr'><strong>des</strong></span> <span class='ocrx_word' id='word_1_131' title='bbox 936 2082 1068 2158; x_wconf 78' lang='lat' dir='ltr'><strong>garenis</strong></span> <span class='ocrx_word' id='word_1_132' title='bbox 1092 2094 1172 2159; x_wconf 89' lang='lat' dir='ltr'><strong>pour</strong></span> <span class='ocrx_word' id='word_1_133' title='bbox 1196 2096 1252 2141; x_wconf 89' lang='lat' dir='ltr'><strong>son</strong></span> <span class='ocrx_word' id='word_1_134' title='bbox 1281 2082 1408 2164; x_wconf 88' lang='lat' dir='ltr'><strong>corps.&#39;’</strong></span> 
     </span>
     <span class='ocr_line' id='line_1_17' title="bbox 220 2164 1408 2264; baseline 0.003 -18"><span class='ocrx_word' id='word_1_135' title='bbox 220 2180 281 2246; x_wconf 87' lang='lat' dir='ltr'><strong>Sed</strong></span> <span class='ocrx_word' id='word_1_136' title='bbox 313 2199 373 2243; x_wconf 91' lang='lat' dir='ltr'><strong>non</strong></span> <span class='ocrx_word' id='word_1_137' title='bbox 408 2178 499 2264; x_wconf 90' lang='lat' dir='ltr'><strong>prius</strong></span> <span class='ocrx_word' id='word_1_138' title='bbox 532 2197 628 2263; x_wconf 89' lang='lat' dir='ltr'><strong>quam</strong></span> <span class='ocrx_word' id='word_1_139' title='bbox 664 2164 797 2263; x_wconf 71' lang='lat' dir='ltr'><strong>praedes</strong></span> <span class='ocrx_word' id='word_1_140' title='bbox 837 2175 977 2242; x_wconf 90' lang='lat' dir='ltr'><strong>dedisset</strong></span> <span class='ocrx_word' id='word_1_141' title='bbox 1012 2176 1051 2243; x_wconf 89' lang='lat' dir='ltr'><strong>de</strong></span> <span class='ocrx_word' id='word_1_142' title='bbox 1081 2180 1184 2264; x_wconf 87' lang='lat' dir='ltr'><strong>eapite</strong></span> <span class='ocrx_word' id='word_1_143' title='bbox 1223 2180 1408 2249; x_wconf 87' lang='lat' dir='ltr'><strong>dimicabat.</strong></span> 
     </span>
     <span class='ocr_line' id='line_1_18' title="bbox 220 2281 1409 2373; baseline 0.003 -25"><span class='ocrx_word' id='word_1_144' title='bbox 220 2283 303 2365; x_wconf 80' lang='lat' dir='ltr'><strong>Quid</strong></span> <span class='ocrx_word' id='word_1_145' title='bbox 335 2282 456 2370; x_wconf 84' lang='lat' dir='ltr'><strong>plura?</strong></span> <span class='ocrx_word' id='word_1_146' title='bbox 494 2281 678 2347; x_wconf 87' lang='lat' dir='ltr'><strong>Reddamus</strong></span> <span class='ocrx_word' id='word_1_147' title='bbox 709 2282 824 2368; x_wconf 83' lang='lat' dir='ltr'><strong>Mynao</strong></span> <span class='ocrx_word' id='word_1_148' title='bbox 858 2301 916 2346; x_wconf 90' lang='lat' dir='ltr'><strong>sua</strong></span> <span class='ocrx_word' id='word_1_149' title='bbox 952 2281 1172 2368; x_wconf 83' lang='lat' dir='ltr'><strong>supplementa</strong></span> <span class='ocrx_word' id='word_1_150' title='bbox 1206 2292 1238 2350; x_wconf 87' lang='lat' dir='ltr'><strong>et</strong></span> <span class='ocrx_word' id='word_1_151' title='bbox 1270 2305 1308 2350; x_wconf 87' lang='lat' dir='ltr'><strong>ex</strong></span> <span class='ocrx_word' id='word_1_152' title='bbox 1339 2289 1409 2373; x_wconf 89' lang='lat' dir='ltr'><strong>ipsa</strong></span> 
     </span>
     <span class='ocr_line' id='line_1_19' title="bbox 218 2383 1408 2474; baseline 0.004 -21"><span class='ocrx_word' id='word_1_153' title='bbox 218 2389 282 2453; x_wconf 90' lang='lat' dir='ltr'><strong>loci</strong></span> <span class='ocrx_word' id='word_1_154' title='bbox 315 2389 474 2454; x_wconf 87' lang='lat' dir='ltr'><strong>sententia</strong></span> <span class='ocrx_word' id='word_1_155' title='bbox 510 2405 724 2473; x_wconf 88' lang='lat' dir='ltr'><strong>reponamus:</strong></span> <span class='ocrx_word' id='word_1_156' title='bbox 760 2387 799 2450; x_wconf 83' lang='lat' dir='ltr'><strong>ori</strong></span> <span class='ocrx_word' id='word_1_157' title='bbox 836 2385 911 2466; x_wconf 81' lang='grc' dir='ltr'><strong>γαρ</strong></span> <span class='ocrx_word' id='word_1_158' title='bbox 945 2383 1035 2462; x_wconf 70' lang='grc' dir='ltr'><strong>ἐξῆν</strong></span> <span class='ocrx_word' id='word_1_159' title='bbox 1074 2386 1183 2463; x_wconf 76' lang='grc' dir='ltr'><em>αὖθις</em></span> <span class='ocrx_word' id='word_1_160' title='bbox 1219 2392 1408 2474; x_wconf 68' lang='grc' dir='ltr'><em>ἀγωνίζε-</em></span> 
     </span>
     <span class='ocr_line' id='line_1_20' title="bbox 219 2491 1178 2574; baseline -0.001 -14"><span class='ocrx_word' id='word_1_161' title='bbox 219 2497 312 2560; x_wconf 84' lang='grc' dir='ltr'><em>σίαι</em></span> <span class='ocrx_word' id='word_1_162' title='bbox 340 2493 479 2574; x_wconf 77' lang='grc' dir='ltr'><em>πρότερον</em></span> <span class='ocrx_word' id='word_1_163' title='bbox 509 2493 526 2569; x_wconf 76' lang='grc' dir='ltr'>ἢ</span> <span class='ocrx_word' id='word_1_164' title='bbox 551 2491 713 2570; x_wconf 78' lang='grc' dir='ltr'><em>ε’γγυντοδς</em></span> <span class='ocrx_word' id='word_1_165' title='bbox 742 2499 922 2566; x_wconf 76' lang='grc' dir='ltr'><em>καταςῆσαι</em></span> <span class='ocrx_word' id='word_1_166' title='bbox 947 2496 999 2557; x_wconf 81' lang='grc' dir='ltr'><strong>τοῦ</strong></span> <span class='ocrx_word' id='word_1_167' title='bbox 1024 2493 1178 2571; x_wconf 82' lang='grc' dir='ltr'><em>σώματος.</em></span> 
     </span>
    </p>

    <p class='ocr_par' dir='ltr' id='par_1_4' title="bbox 218 2594 1408 3514">
     <span class='ocr_line' id='line_1_21' title="bbox 264 2594 1408 2689; baseline 0.005 -26"><span class='ocrx_word' id='word_1_168' title='bbox 264 2596 469 2663; x_wconf 82' lang='lat' dir='ltr'><strong>Manifestum</strong></span> <span class='ocrx_word' id='word_1_169' title='bbox 498 2606 646 2674; x_wconf 86' lang='lat' dir='ltr'><strong>tenemus</strong></span> <span class='ocrx_word' id='word_1_170' title='bbox 676 2594 840 2661; x_wconf 81' lang='lat' dir='ltr'><strong>falsarium</strong></span> <span class='ocrx_word' id='word_1_171' title='bbox 874 2616 944 2681; x_wconf 82' lang='lat' dir='ltr'><strong>pag.</strong></span> <span class='ocrx_word' id='word_1_172' title='bbox 968 2600 1034 2672; x_wconf 79' lang='lat'><strong>56,</strong></span> <span class='ocrx_word' id='word_1_173' title='bbox 1062 2602 1114 2663; x_wconf 85' lang='lat'><strong>17.</strong></span> <span class='ocrx_word' id='word_1_174' title='bbox 1164 2599 1201 2664; x_wconf 91' lang='lat' dir='ltr'><strong>In</strong></span> <span class='ocrx_word' id='word_1_175' title='bbox 1225 2602 1408 2689; x_wconf 83' lang='lat' dir='ltr'><strong>apographo</strong></span> 
     </span>
     <span class='ocr_line' id='line_1_22' title="bbox 220 2698 1407 2786; baseline 0.007 -19"><span class='ocrx_word' id='word_1_176' title='bbox 220 2703 309 2768; x_wconf 87' lang='lat' dir='ltr'><strong>dedit</strong></span> <span class='ocrx_word' id='word_1_177' title='bbox 340 2711 402 2776; x_wconf 85' lang='grc' dir='ltr'><em>τοῖς</em></span> <span class='ocrx_word' id='word_1_178' title='bbox 423 2703 486 2783; x_wconf 82' lang='grc' dir='ltr'><em>γίιρ</em></span> <span class='ocrx_word' id='word_1_179' title='bbox 519 2700 674 2767; x_wconf 79' lang='grc' dir='ltr'><em>ίίπτευίαι</em></span> <span class='ocrx_word' id='word_1_180' title='bbox 706 2699 922 2779; x_wconf 69' lang='grc' dir='ltr'><em>διανοουμένοις</em></span> <span class='ocrx_word' id='word_1_181' title='bbox 956 2698 1045 2782; x_wconf 76' lang='grc' dir='ltr'><em>ἔργον</em></span> <span class='ocrx_word' id='word_1_182' title='bbox 1078 2702 1211 2784; x_wconf 77' lang='grc' dir='ltr'><em>μείζονος</em></span> <span class='ocrx_word' id='word_1_183' title='bbox 1243 2706 1407 2786; x_wconf 75' lang='grc' dir='ltr'><em>εὔελπι,</em></span> 
     </span>
     <span class='ocr_line' id='line_1_23' title="bbox 219 2803 1406 2886; baseline 0.003 -12"><span class='ocrx_word' id='word_1_184' title='bbox 219 2805 353 2886; x_wconf 80' lang='grc' dir='ltr'><em>οἶμαι,</em></span> <span class='ocrx_word' id='word_1_185' title='bbox 377 2809 418 2873; x_wconf 78' lang='grc' dir='ltr'><strong>τὸ</strong></span> <span class='ocrx_word' id='word_1_186' title='bbox 443 2809 494 2884; x_wconf 71' lang='grc' dir='ltr'><em>μδ</em></span> <span class='ocrx_word' id='word_1_187' title='bbox 523 2806 786 2879; x_wconf 77' lang='grc' dir='ltr'><em>απιςεῖοίαι,</em></span> <span class='ocrx_word' id='word_1_188' title='bbox 811 2803 927 2868; x_wconf 91' lang='lat' dir='ltr'><strong>deinde</strong></span> <span class='ocrx_word' id='word_1_189' title='bbox 946 2804 979 2867; x_wconf 92' lang='lat' dir='ltr'><strong>in</strong></span> <span class='ocrx_word' id='word_1_190' title='bbox 999 2824 1057 2869; x_wconf 92' lang='lat' dir='ltr'><strong>sua</strong></span> <span class='ocrx_word' id='word_1_191' title='bbox 1082 2805 1221 2872; x_wconf 90' lang='lat' dir='ltr'><strong>editione</strong></span> <span class='ocrx_word' id='word_1_192' title='bbox 1246 2808 1406 2878; x_wconf 91' lang='lat' dir='ltr'><strong>exhibuit:</strong></span> 
     </span>
     <span class='ocr_line' id='line_1_24' title="bbox 219 2907 1406 2993; baseline 0.002 -15"><span class='ocrx_word' id='word_1_193' title='bbox 219 2922 283 2986; x_wconf 82' lang='grc' dir='ltr'><em>τοῖς</em></span> <span class='ocrx_word' id='word_1_194' title='bbox 307 2913 370 2993; x_wconf 77' lang='grc' dir='ltr'><strong>γαρ</strong></span> <span class='ocrx_word' id='word_1_195' title='bbox 389 2909 778 2986; x_wconf 58' lang='lat' dir='ltr'><strong>incertumincaeptum</strong></span> <span class='ocrx_word' id='word_1_196' title='bbox 802 2908 891 2989; x_wconf 76' lang='grc' dir='ltr'><em>ἔργον</em></span> <span class='ocrx_word' id='word_1_197' title='bbox 915 2907 1050 2988; x_wconf 79' lang='grc' dir='ltr'><em>μείζονος</em></span> <span class='ocrx_word' id='word_1_198' title='bbox 1076 2911 1139 2975; x_wconf 83' lang='grc' dir='ltr'><strong>δεῖ</strong></span> <span class='ocrx_word' id='word_1_199' title='bbox 1158 2910 1297 2978; x_wconf 86' lang='grc' dir='ltr'><em>ποίντα</em></span> <span class='ocrx_word' id='word_1_200' title='bbox 1321 2931 1406 2981; x_wconf 80' lang='grc' dir='ltr'><em>πολ-</em></span> 
     </span>
     <span class='ocr_line' id='line_1_25' title="bbox 218 3011 1407 3098; baseline 0.003 -16"><span class='ocrx_word' id='word_1_201' title='bbox 218 3021 300 3096; x_wconf 71' lang='lat' dir='ltr'><strong>priv</strong></span> <span class='ocrx_word' id='word_1_202' title='bbox 332 3014 723 3097; x_wconf 81' lang='grc' dir='ltr'><em>προκινδυνεύουσιν.</em></span> <span class='ocrx_word' id='word_1_203' title='bbox 774 3011 949 3097; x_wconf 86' lang='lat' dir='ltr'><strong>Utramque</strong></span> <span class='ocrx_word' id='word_1_204' title='bbox 973 3014 1167 3098; x_wconf 86' lang='lat' dir='ltr'><strong>scripturam</strong></span> <span class='ocrx_word' id='word_1_205' title='bbox 1203 3018 1351 3085; x_wconf 85' lang='lat' dir='ltr'><strong>vitiosam</strong></span> <span class='ocrx_word' id='word_1_206' title='bbox 1374 3028 1407 3085; x_wconf 90' lang='lat' dir='ltr'><strong>et</strong></span> 
     </span>
     <span class='ocr_line' id='line_1_26' title="bbox 220 3115 1406 3202; baseline 0.003 -15"><span class='ocrx_word' id='word_1_207' title='bbox 220 3122 480 3188; x_wconf 82' lang='lat' dir='ltr'><strong>commenticiam</strong></span> <span class='ocrx_word' id='word_1_208' title='bbox 503 3140 572 3186; x_wconf 88' lang='lat' dir='ltr'><strong>esse</strong></span> <span class='ocrx_word' id='word_1_209' title='bbox 591 3139 653 3185; x_wconf 89' lang='lat' dir='ltr'><strong>non</strong></span> <span class='ocrx_word' id='word_1_210' title='bbox 684 3125 733 3184; x_wconf 90' lang='lat' dir='ltr'><strong>est</strong></span> <span class='ocrx_word' id='word_1_211' title='bbox 759 3136 839 3202; x_wconf 88' lang='lat' dir='ltr'><strong>opus</strong></span> <span class='ocrx_word' id='word_1_212' title='bbox 865 3115 977 3182; x_wconf 85' lang='lat' dir='ltr'><strong>multis</strong></span> <span class='ocrx_word' id='word_1_213' title='bbox 997 3117 1103 3183; x_wconf 90' lang='lat' dir='ltr'><strong>verbis</strong></span> <span class='ocrx_word' id='word_1_214' title='bbox 1124 3119 1247 3187; x_wconf 86' lang='lat' dir='ltr'><strong>docere.</strong></span> <span class='ocrx_word' id='word_1_215' title='bbox 1285 3123 1406 3190; x_wconf 78' lang='grc' dir='ltr'><em>Εὕελπι</em></span> 
     </span>
     <span class='ocr_line' id='line_1_27' title="bbox 219 3223 1407 3312; baseline 0.003 -21"><span class='ocrx_word' id='word_1_216' title='bbox 219 3227 360 3312; x_wconf 88' lang='lat' dir='ltr'><strong>positum</strong></span> <span class='ocrx_word' id='word_1_217' title='bbox 396 3233 444 3291; x_wconf 92' lang='lat' dir='ltr'><strong>est</strong></span> <span class='ocrx_word' id='word_1_218' title='bbox 476 3234 587 3290; x_wconf 90' lang='lat' dir='ltr'><strong>contra</strong></span> <span class='ocrx_word' id='word_1_219' title='bbox 616 3223 810 3290; x_wconf 87' lang='lat' dir='ltr'><strong>Graecorum</strong></span> <span class='ocrx_word' id='word_1_220' title='bbox 842 3241 937 3286; x_wconf 89' lang='lat' dir='ltr'><strong>nsum</strong></span> <span class='ocrx_word' id='word_1_221' title='bbox 968 3241 1024 3306; x_wconf 91' lang='lat' dir='ltr'><strong>pro</strong></span> <span class='ocrx_word' id='word_1_222' title='bbox 1054 3224 1176 3302; x_wconf 71' lang='grc' dir='ltr'><em>αγαίὴν</em></span> <span class='ocrx_word' id='word_1_223' title='bbox 1198 3227 1312 3294; x_wconf 74' lang='grc' dir='ltr'><em>εὀπιδα</em></span> <span class='ocrx_word' id='word_1_224' title='bbox 1336 3231 1407 3295; x_wconf 82' lang='grc' dir='ltr'><em>ὑπο·</em></span> 
     </span>
     <span class='ocr_line' id='line_1_28' title="bbox 218 3328 1407 3419; baseline 0.004 -23"><span class='ocrx_word' id='word_1_225' title='bbox 218 3331 359 3411; x_wconf 73' lang='grc' dir='ltr'><em>βαινουε</em></span> <span class='ocrx_word' id='word_1_226' title='bbox 386 3331 513 3416; x_wconf 83' lang='lat' dir='ltr'><strong>turpius</strong></span> <span class='ocrx_word' id='word_1_227' title='bbox 535 3331 630 3395; x_wconf 85' lang='lat' dir='ltr'><strong>etiam</strong></span> <span class='ocrx_word' id='word_1_228' title='bbox 660 3337 708 3394; x_wconf 92' lang='lat' dir='ltr'><strong>est</strong></span> <span class='ocrx_word' id='word_1_229' title='bbox 736 3336 821 3401; x_wconf 82' lang='grc' dir='ltr'><em>τοῖς</em></span> <span class='ocrx_word' id='word_1_230' title='bbox 853 3328 1158 3406; x_wconf 82' lang='grc' dir='ltr'><em>διανοουμένοις</em></span> <span class='ocrx_word' id='word_1_231' title='bbox 1182 3333 1231 3396; x_wconf 77' lang='grc' dir='ltr'><strong>δεῖ</strong></span> <span class='ocrx_word' id='word_1_232' title='bbox 1251 3353 1309 3419; x_wconf 92' lang='lat' dir='ltr'><strong>pro</strong></span> <span class='ocrx_word' id='word_1_233' title='bbox 1335 3336 1407 3409; x_wconf 76' lang='grc' dir='ltr'><em>τοὺς</em></span> 
     </span>
     <span class='ocr_line' id='line_1_29' title="bbox 218 3436 455 3514; baseline -0.008 -12"><span class='ocrx_word' id='word_1_234' title='bbox 218 3436 455 3514; x_wconf 80' lang='grc' dir='ltr'><em>διανοουμένους.</em></span> 
     </span>
    </p>

    <p class='ocr_par' dir='ltr' id='par_1_5' title="bbox 218 3535 1406 3939">
     <span class='ocr_line' id='line_1_30' title="bbox 266 3535 1406 3623; baseline 0.004 -19"><span class='ocrx_word' id='word_1_235' title='bbox 266 3540 314 3604; x_wconf 81' lang='lat' dir='ltr'><strong>Ex</strong></span> <span class='ocrx_word' id='word_1_236' title='bbox 338 3539 480 3604; x_wconf 91' lang='lat' dir='ltr'><strong>Platonis</strong></span> <span class='ocrx_word' id='word_1_237' title='bbox 510 3539 689 3604; x_wconf 87' lang='lat' dir='ltr'><strong>imitatione</strong></span> <span class='ocrx_word' id='word_1_238' title='bbox 709 3537 803 3604; x_wconf 82' lang='lat' dir='ltr'><strong>duxit</strong></span> <span class='ocrx_word' id='word_1_239' title='bbox 829 3535 911 3621; x_wconf 89' lang='lat' dir='ltr'><strong>quod</strong></span> <span class='ocrx_word' id='word_1_240' title='bbox 935 3536 1055 3621; x_wconf 84' lang='lat' dir='ltr'><strong>legitur</strong></span> <span class='ocrx_word' id='word_1_241' title='bbox 1079 3557 1107 3623; x_wconf 89' lang='lat' dir='ltr'><strong>p.</strong></span> <span class='ocrx_word' id='word_1_242' title='bbox 1129 3543 1192 3617; x_wconf 82' lang='lat'><strong>58,</strong></span> <span class='ocrx_word' id='word_1_243' title='bbox 1220 3546 1257 3606; x_wconf 91' lang='lat' dir='ltr'><strong>l:</strong></span> <span class='ocrx_word' id='word_1_244' title='bbox 1291 3544 1358 3608; x_wconf 76' lang='grc' dir='ltr'><em>ἐπεὶ</em></span> <span class='ocrx_word' id='word_1_245' title='bbox 1380 3546 1406 3610; x_wconf 87' lang='grc' dir='ltr'><strong>δ’</strong></span> 
     </span>
     <span class='ocr_line' id='line_1_31' title="bbox 219 3642 1406 3728; baseline 0.004 -18"><span class='ocrx_word' id='word_1_246' title='bbox 219 3646 335 3725; x_wconf 79' lang='grc' dir='ltr'><em>ἐπιρρεῖ</em></span> <span class='ocrx_word' id='word_1_247' title='bbox 354 3646 413 3709; x_wconf 81' lang='grc' dir='ltr'><strong>τῶν</strong></span> <span class='ocrx_word' id='word_1_248' title='bbox 437 3643 577 3709; x_wconf 82' lang='grc' dir='ltr'><em>τοιούτων</em></span> <span class='ocrx_word' id='word_1_249' title='bbox 599 3642 712 3725; x_wconf 76' lang='grc' dir='ltr'><em>ίχοος,</em></span> <span class='ocrx_word' id='word_1_250' title='bbox 737 3642 820 3728; x_wconf 90' lang='lat' dir='ltr'><strong>quod</strong></span> <span class='ocrx_word' id='word_1_251' title='bbox 846 3650 989 3707; x_wconf 91' lang='lat' dir='ltr'><strong>sumtum</strong></span> <span class='ocrx_word' id='word_1_252' title='bbox 1020 3649 1069 3708; x_wconf 89' lang='lat' dir='ltr'><strong>est</strong></span> <span class='ocrx_word' id='word_1_253' title='bbox 1091 3663 1129 3708; x_wconf 84' lang='lat' dir='ltr'><strong>ex</strong></span> <span class='ocrx_word' id='word_1_254' title='bbox 1162 3652 1236 3708; x_wconf 91' lang='lat' dir='ltr'><strong>noto</strong></span> <span class='ocrx_word' id='word_1_255' title='bbox 1268 3647 1406 3715; x_wconf 88' lang='lat' dir='ltr'><strong>Phaedri</strong></span> 
     </span>
     <span class='ocr_line' id='line_1_32' title="bbox 218 3745 1405 3839; baseline 0.001 -26"><span class='ocrx_word' id='word_1_256' title='bbox 218 3749 288 3815; x_wconf 85' lang='lat' dir='ltr'><strong>loco</strong></span> <span class='ocrx_word' id='word_1_257' title='bbox 312 3769 344 3835; x_wconf 90' lang='lat' dir='ltr'><strong>p.</strong></span> <span class='ocrx_word' id='word_1_258' title='bbox 368 3753 433 3815; x_wconf 64' lang='lat'><strong>229</strong></span> <span class='ocrx_word' id='word_1_259' title='bbox 459 3749 500 3815; x_wconf 86' lang='lat' dir='ltr'><strong>D:</strong></span> <span class='ocrx_word' id='word_1_260' title='bbox 535 3750 651 3830; x_wconf 79' lang='grc' dir='ltr'><em>ἐπιρρεῖ</em></span> <span class='ocrx_word' id='word_1_261' title='bbox 678 3747 708 3813; x_wconf 77' lang='grc' dir='ltr'><strong>δὲ</strong></span> <span class='ocrx_word' id='word_1_262' title='bbox 733 3745 827 3829; x_wconf 70' lang='grc' dir='ltr'><em>ὄχλος</em></span> <span class='ocrx_word' id='word_1_263' title='bbox 851 3747 1000 3814; x_wconf 83' lang='grc' dir='ltr'><em>τοσούτου</em></span> <span class='ocrx_word' id='word_1_264' title='bbox 1031 3748 1183 3829; x_wconf 82' lang='grc' dir='ltr'><em>Γοργόναν</em></span> <span class='ocrx_word' id='word_1_265' title='bbox 1207 3752 1272 3815; x_wconf 68' lang='lat' dir='ltr'><strong>nri.</strong></span> <span class='ocrx_word' id='word_1_266' title='bbox 1309 3773 1405 3839; x_wconf 87' lang='lat' dir='ltr'><strong>quem</strong></span> 
     </span>
     <span class='ocr_line' id='line_1_33' title="bbox 219 3852 934 3939; baseline -0.004 -19"><span class='ocrx_word' id='word_1_267' title='bbox 219 3853 328 3920; x_wconf 88' lang='lat' dir='ltr'><strong>etalii</strong></span> <span class='ocrx_word' id='word_1_268' title='bbox 355 3854 487 3939; x_wconf 88' lang='lat' dir='ltr'><strong>plurimi</strong></span> <span class='ocrx_word' id='word_1_269' title='bbox 511 3852 668 3918; x_wconf 88' lang='lat' dir='ltr'><strong>imitando</strong></span> <span class='ocrx_word' id='word_1_270' title='bbox 697 3859 934 3938; x_wconf 85' lang='lat' dir='ltr'><strong>expresserunt.</strong></span> 
     </span>
    </p>

    <p class='ocr_par' dir='ltr' id='par_1_6' title="bbox 182 3955 1406 4464">
     <span class='ocr_line' id='line_1_34' title="bbox 264 3955 1405 4052; baseline 0.005 -27"><span class='ocrx_word' id='word_1_271' title='bbox 264 3959 395 4043; x_wconf 81' lang='lat' dir='ltr'><strong>Corrige</strong></span> <span class='ocrx_word' id='word_1_272' title='bbox 427 3959 579 4023; x_wconf 88' lang='lat' dir='ltr'><strong>vitiosum</strong></span> <span class='ocrx_word' id='word_1_273' title='bbox 612 3965 781 4022; x_wconf 86' lang='lat' dir='ltr'><strong>accentum</strong></span> <span class='ocrx_word' id='word_1_274' title='bbox 816 3977 845 4043; x_wconf 90' lang='lat' dir='ltr'><strong>p.</strong></span> <span class='ocrx_word' id='word_1_275' title='bbox 867 3962 932 4034; x_wconf 83' lang='lat'><strong>40,</strong></span> <span class='ocrx_word' id='word_1_276' title='bbox 960 3963 997 4021; x_wconf 91' lang='lat' dir='ltr'><strong>l:</strong></span> <span class='ocrx_word' id='word_1_277' title='bbox 1031 3955 1120 4039; x_wconf 79' lang='grc' dir='ltr'><em>ἕτερα</em></span> <span class='ocrx_word' id='word_1_278' title='bbox 1154 3959 1186 4024; x_wconf 80' lang='grc' dir='ltr'><strong>δὲ</strong></span> <span class='ocrx_word' id='word_1_279' title='bbox 1216 3960 1329 4038; x_wconf 73' lang='grc' dir='ltr'><em>ξανθῶν</em></span> <span class='ocrx_word' id='word_1_280' title='bbox 1364 3963 1405 4052; x_wconf 77' lang='lat' dir='ltr'><strong>(i-</strong></span> 
     </span>
     <span class='ocr_line' id='line_1_35' title="bbox 182 4060 1404 4159; baseline 0.005 -31"><span class='ocrx_word' id='word_1_281' title='bbox 182 4148 187 4159; x_wconf 86' lang='lat'><strong>.</strong></span> <span class='ocrx_word' id='word_1_282' title='bbox 218 4065 373 4148; x_wconf 78' lang='grc' dir='ltr'><em>φίαλμῶν</em></span> <span class='ocrx_word' id='word_1_283' title='bbox 391 4063 457 4150; x_wconf 73' lang='grc' dir='ltr'><strong>ἤθη)</strong></span> <span class='ocrx_word' id='word_1_284' title='bbox 483 4063 535 4128; x_wconf 76' lang='grc' dir='ltr'><strong>καὶ</strong></span> <span class='ocrx_word' id='word_1_285' title='bbox 558 4061 791 4141; x_wconf 83' lang='grc' dir='ltr'><em>ὑπεςιγμίνονν,</em></span> <span class='ocrx_word' id='word_1_286' title='bbox 816 4087 840 4126; x_wconf 92' lang='grc' dir='ltr'><em>π</em></span> <span class='ocrx_word' id='word_1_287' title='bbox 848 4060 1027 4142; x_wconf 76' lang='grc' dir='ltr'><em>ροποίλων</em></span> <span class='ocrx_word' id='word_1_288' title='bbox 1050 4088 1086 4128; x_wconf 82' lang='grc' dir='ltr'><strong>τε</strong></span> <span class='ocrx_word' id='word_1_289' title='bbox 1111 4064 1305 4145; x_wconf 73' lang='grc' dir='ltr'><em>καὶκοίλαν,</em></span> <span class='ocrx_word' id='word_1_290' title='bbox 1331 4088 1404 4135; x_wconf 88' lang='lat' dir='ltr'><strong>nam</strong></span> 
     </span>
     <span class='ocr_line' id='line_1_36' title="bbox 218 4167 1406 4258; baseline 0.004 -25"><span class='ocrx_word' id='word_1_291' title='bbox 218 4175 384 4249; x_wconf 76' lang='lat' dir='ltr'><strong>rrporruurir</strong></span> <span class='ocrx_word' id='word_1_292' title='bbox 420 4167 625 4234; x_wconf 84' lang='lat' dir='ltr'><strong>scribendum</strong></span> <span class='ocrx_word' id='word_1_293' title='bbox 661 4175 709 4233; x_wconf 90' lang='lat' dir='ltr'><strong>est</strong></span> <span class='ocrx_word' id='word_1_294' title='bbox 743 4187 761 4233; x_wconf 91' lang='lat' dir='ltr'><strong>a</strong></span> <span class='ocrx_word' id='word_1_295' title='bbox 797 4169 981 4249; x_wconf 77' lang='grc' dir='ltr'><em>προπαλνίς,</em></span> <span class='ocrx_word' id='word_1_296' title='bbox 1017 4168 1102 4253; x_wconf 90' lang='lat' dir='ltr'><strong>quod</strong></span> <span class='ocrx_word' id='word_1_297' title='bbox 1136 4181 1221 4236; x_wconf 85' lang='lat' dir='ltr'><strong>recte</strong></span> <span class='ocrx_word' id='word_1_298' title='bbox 1263 4175 1406 4258; x_wconf 88' lang='lat' dir='ltr'><strong>reposuit</strong></span> 
     </span>
     <span class='ocr_line' id='line_1_37' title="bbox 219 4272 1405 4361; baseline 0.003 -21"><span class='ocrx_word' id='word_1_299' title='bbox 219 4274 333 4340; x_wconf 87' lang='lat' dir='ltr'><strong>Editor</strong></span> <span class='ocrx_word' id='word_1_300' title='bbox 354 4294 385 4359; x_wconf 91' lang='lat' dir='ltr'><strong>p.</strong></span> <span class='ocrx_word' id='word_1_301' title='bbox 410 4278 476 4350; x_wconf 83' lang='lat'><strong>48,</strong></span> <span class='ocrx_word' id='word_1_302' title='bbox 502 4278 537 4338; x_wconf 85' lang='lat'><strong>7:</strong></span> <span class='ocrx_word' id='word_1_303' title='bbox 563 4274 765 4355; x_wconf 72' lang='grc' dir='ltr'><em>τροπαοίρς</em></span> <span class='ocrx_word' id='word_1_304' title='bbox 796 4272 944 4354; x_wconf 71' lang='grc' dir='ltr'><strong>φάρυγξ,</strong></span> <span class='ocrx_word' id='word_1_305' title='bbox 977 4293 1077 4359; x_wconf 91' lang='lat' dir='ltr'><strong>quum</strong></span> <span class='ocrx_word' id='word_1_306' title='bbox 1098 4275 1130 4338; x_wconf 91' lang='lat' dir='ltr'><strong>iu</strong></span> <span class='ocrx_word' id='word_1_307' title='bbox 1151 4275 1333 4361; x_wconf 85' lang='lat' dir='ltr'><strong>apographo</strong></span> <span class='ocrx_word' id='word_1_308' title='bbox 1358 4296 1405 4343; x_wconf 84' lang='lat' dir='ltr'><strong>rc·</strong></span> 
     </span>
     <span class='ocr_line' id='line_1_38' title="bbox 219 4378 1405 4464; baseline 0.003 -20"><span class='ocrx_word' id='word_1_309' title='bbox 219 4379 355 4463; x_wconf 89' lang='lat' dir='ltr'><strong>perisset</strong></span> <span class='ocrx_word' id='word_1_310' title='bbox 380 4380 436 4461; x_wconf 83' lang='grc' dir='ltr'><strong>τρὸ</strong></span> <span class='ocrx_word' id='word_1_311' title='bbox 461 4379 577 4453; x_wconf 69' lang='grc' dir='ltr'><em>ποίαις.</em></span> <span class='ocrx_word' id='word_1_312' title='bbox 626 4378 706 4443; x_wconf 89' lang='lat' dir='ltr'><strong>Utar</strong></span> <span class='ocrx_word' id='word_1_313' title='bbox 728 4397 765 4444; x_wconf 89' lang='lat' dir='ltr'><strong>ea</strong></span> <span class='ocrx_word' id='word_1_314' title='bbox 789 4379 956 4443; x_wconf 91' lang='lat' dir='ltr'><strong>occasione</strong></span> <span class='ocrx_word' id='word_1_315' title='bbox 985 4385 1020 4443; x_wconf 93' lang='lat' dir='ltr'><strong>ut</strong></span> <span class='ocrx_word' id='word_1_316' title='bbox 1043 4380 1110 4464; x_wconf 88' lang='lat' dir='ltr'><strong>ipse</strong></span> <span class='ocrx_word' id='word_1_317' title='bbox 1142 4399 1283 4445; x_wconf 82' lang='lat' dir='ltr'><strong>errorem</strong></span> <span class='ocrx_word' id='word_1_318' title='bbox 1309 4383 1405 4447; x_wconf 87' lang='lat' dir='ltr'><strong>easti-</strong></span> 
     </span>
    </p>
   </div>
   <div class='ocr_carea' id='block_1_3' title="bbox 218 4481 1407 4633">
    <p class='ocr_par' dir='ltr' id='par_1_7' title="bbox 218 4481 1407 4633">
     <span class='ocr_line' id='line_1_39' title="bbox 218 4481 1407 4569; baseline 0.004 -21"><span class='ocrx_word' id='word_1_319' title='bbox 218 4503 314 4568; x_wconf 78' lang='lat' dir='ltr'><strong>gem,</strong></span> <span class='ocrx_word' id='word_1_320' title='bbox 350 4503 444 4569; x_wconf 88' lang='lat' dir='ltr'><strong>quern</strong></span> <span class='ocrx_word' id='word_1_321' title='bbox 480 4482 553 4549; x_wconf 89' lang='lat' dir='ltr'><strong>oiim</strong></span> <span class='ocrx_word' id='word_1_322' title='bbox 590 4484 621 4547; x_wconf 91' lang='lat' dir='ltr'><strong>in</strong></span> <span class='ocrx_word' id='word_1_323' title='bbox 657 4483 796 4549; x_wconf 85' lang='lat' dir='ltr'><strong>buciaco</strong></span> <span class='ocrx_word' id='word_1_324' title='bbox 828 4483 986 4550; x_wconf 87' lang='lat' dir='ltr'><strong>commisi.</strong></span> <span class='ocrx_word' id='word_1_325' title='bbox 1040 4483 1075 4547; x_wconf 90' lang='lat' dir='ltr'><strong>In</strong></span> <span class='ocrx_word' id='word_1_326' title='bbox 1112 4481 1236 4551; x_wconf 83' lang='grc' dir='ltr'><em>ίίαοοαο</em></span> <span class='ocrx_word' id='word_1_327' title='bbox 1272 4488 1407 4554; x_wconf 86' lang='lat' dir='ltr'><strong>encomio</strong></span> 
     </span>
     <span class='ocr_line' id='line_1_40' title="bbox 1148 4595 1160 4633; baseline 0 0"><span class='ocrx_word' id='word_1_328' title='bbox 1148 4595 1160 4633; x_wconf 70' lang='lat' dir='ltr'><strong>b</strong></span> 
     </span>
    </p>
   </div>
   <div class='ocr_carea' id='block_1_4' title="bbox 0 0 1640 5190">
    <p class='ocr_par' dir='ltr' id='par_1_8' title="bbox 0 0 1640 5190">
     <span class='ocr_line' id='line_1_41' title="bbox 0 0 1640 5190; baseline 0 2"><span class='ocrx_word' id='word_1_329' title='bbox 0 0 1640 5190; x_wconf 95' lang='lat' dir='ltr'><strong> </strong></span> 
     </span>
    </p>
   </div>
  </div>
 </body>
</html>
