3270 5190
811 451 852 511 bl

238 621 398 708 scriptura
424 620 545 708 aliquid
570 623 832 690 commenticium
858 624 962 690 inesse
989 627 1137 712 suspicor
1160 637 1288 716 propter
1310 629 1426 697 dictio·

237 728 288 790 nis
315 727 476 805 salebraS,
511 729 691 795 cuiusmodi
723 737 772 794 est
803 750 835 815 p.
863 733 926 806 40,
955 734 1014 795 13:
1047 739 1141 797 κυνῶν
1161 735 1218 812 μὲν
1241 736 1294 800 κοοῖ
1320 733 1424 802 ῖππων

234 839 367 899 τοιοῦτον
391 831 467 900 εἶνοιι
491 837 631 916 προσήκει
655 833 748 914 λόγου
779 843 989 912 κυνηγετικοῖς
1018 836 1127 901 τεκνοῖ
1152 838 1313 917 ἱππικοῖς,
1341 859 1423 926 quae
1468 900 1470 902 .

235 936 398 1026 Interpres
421 942 465 1006 ita
498 938 655 1005 reddidit:
690 939 876 1025 »lorsqu'nn
906 959 925 1004 a
951 939 1061 1004 besoin
1094 940 1133 1006 dc
1166 943 1276 1009 chiens
1307 967 1350 1010 ou
1382 945 1423 1010 de

235 1044 399 1123 cbevaux,
423 1045 468 1110 les
489 1044 659 1110 cbasseurs
683 1063 724 1108 ou
748 1045 792 1109 les
817 1042 1026 1130 palefreniers
1052 1045 1176 1110 doivent
1198 1050 1362 1115 rur‘eouoer
1384 1049 1422 1114 de

235 1149 266 1214 ta
287 1151 423 1216 muniere
447 1149 621 1215 ννιῖυοκιο.”
646 1168 727 1235 quae
752 1151 886 1216 minime
920 1150 1050 1218 Graecis
1080 1151 1293 1239 respondent,
1318 1164 1355 1220 ut
1376 1154 1419 1218 vi·

234 1253 298 1320 des.
349 1255 409 1320 Sed
435 1254 487 1320 illa
512 1256 631 1321 Graeca
657 1274 717 1319 non
743 1253 861 1320 babent
878 1255 1034 1322 Graecum
1057 1257 1215 1333 colorem,
1240 1267 1272 1324 ct
1293 1257 1349 1324 ubi
1374 1261 1419 1324 ri·

233 1358 319 1426 deris
340 1362 468 1449 Mynam
493 1362 582 1447 prius
607 1359 752 1426 dedisse:
777 1367 869 1426 κυνῶν
898 1386 933 1426 τε
955 1362 1006 1426 κοιῖ
1036 1359 1137 1427 ἵππων
1166 1363 1220 1449 [τὸ
1251 1364 1418 1443 ὡρισμέ-

234 1490 293 1530 νον
326 1463 432 1533 εἶνοοι
462 1465 650 1546 συμφέρει
687 1465 748 1552 γε]
784 1475 993 1545 κυνηγετικοῖς
1026 1492 1061 1531 τε
1098 1467 1150 1532 nul
1181 1469 1318 1538 ἱππικοῖς
1355 1487 1416 1534 non

232 1571 371 1637 multum
397 1570 559 1635 dubitabis
586 1570 663 1655 quin
689 1576 721 1635 et
749 1568 826 1635 haec
847 1579 879 1635 et
908 1570 961 1635 illa
990 1590 1028 1635 ex
1056 1570 1167 1636 eadem
1195 1569 1321 1637 officina
1346 1592 1416 1657 pro-

232 1676 361 1742 dierint.
421 1675 519 1741 Paulo
553 1676 722 1740 certiorem
760 1674 854 1740 tidem
888 1675 965 1740 baec
994 1675 1111 1741 babent
1138 1696 1168 1761 p.
1191 1681 1253 1752 40,
1280 1681 1342 1743 14:
1378 1679 1416 1751 ὡς
1494 1747 1496 1750 ,

230 1785 274 1861 μὴ
300 1783 349 1847 ἐπὶ
382 1786 488 1847 ποῖσοιν
519 1781 601 1847 ῖδὲοιν
625 1781 702 1858 μηδὲ
730 1781 780 1844 ἕπῖ
818 1779 924 1845 ποῖντοι
954 1780 997 1846 τοὶ
1029 1783 1184 1860 θηρώμενοι
1218 1789 1282 1852 τοῖς
1310 1785 1415 1857 οιύτοῖς

230 1889 320 1954 trab
342 1897 404 1962 τοῖς
433 1889 490 1966 μὲν
512 1887 543 1960 ἐς
566 1885 635 1951 τοδε
653 1893 715 1958 τοῖς
734 1885 764 1950 δὲ
789 1886 818 1958 ἐς
840 1885 908 1951 τάδε
932 1892 1007 1951 τῶν
1033 1894 1310 1964 κυνηγετικῶν
1339 1897 1415 1971 χρῆ-

230 1994 319 2058 odat:
355 2013 522 2079 perperam
555 1993 639 2057 enim
676 1990 789 2056 Editor
818 2011 856 2054 οοο
890 1991 1101 2055 emendatione
1131 1992 1183 2056 τὸν
1216 1993 1415 2072 κυνηγετικόν

229 2098 392 2183 reposuit:
418 2099 449 2163 in
474 2096 695 2184 superioribus
715 2097 846 2182 requiro
865 2096 914 2160 ε’πῖ
938 2101 1045 2160 ποῖσοιν
1071 2095 1187 2185 (θήρας)
1211 2098 1304 2164 ῖδέκν.
1341 2100 1414 2164 Cae·

228 2210 335 2269 terum
358 2202 397 2269 de
420 2204 600 2289 scripturae
626 2202 686 2268 bde
710 2204 756 2268 itu
777 2200 905 2266 demum
935 2199 1094 2265 constabit
1120 2201 1173 2266 ubi
1202 2211 1259 2267 aut
1288 2203 1414 2271 bubuc-

227 2326 287 2372 rus
317 2317 373 2373 aut
401 2306 483 2374 alins
514 2309 587 2392 quis
621 2314 679 2372 τῶν
708 2307 874 2372 ἐπαϊόντων
905 2307 1014 2370 τούτου
1046 2305 1112 2387 πέρι
1144 2305 1280 2372 eruditis
1312 2308 1414 2375 oculis

227 2412 334 2497 ipsum
359 2411 504 2478 Codicem
530 2419 753 2497 perscrutatus
778 2410 884 2476 luerit.

273 2516 445 2602 Postquam
479 2517 602 2581 dixerat
634 2514 782 2600 Sopbista
817 2520 963 2600 oportere
992 2516 1145 2581 νῖποδῦσοιι
1173 2516 1223 2581 τὸν
1256 2517 1413 2600 γυμναζό-

226 2645 315 2700 μενον
352 2622 404 2685 κοιῖ
439 2624 469 2695 ἐς
502 2619 684 2699 δοκιροοισίοον
717 2629 892 2695 κοιτοιςῆνοιι
924 2629 980 2695 τνῖς
1013 2623 1155 2703 Φύσεως,
1191 2619 1412 2689 demonstrare

227 2727 332 2812 coepit
357 2727 455 2792 etiam
483 2727 616 2790 ulterius
640 2725 791 2811 propredi
815 2732 963 2810 oportere
995 2725 1047 2790 κκῖ
1080 2726 1113 2790 ἐκ
1145 2731 1235 2802 γονῆς
1259 2728 1411 2808 οῖνθρώπου

226 2835 385 2914 προσήκειν
409 2831 561 2914 ἄρχεσθαι
586 2830 638 2896 κοιὶ
661 2830 696 2894 ἐκ
719 2829 829 2908 γονέων
853 2832 904 2895 τὸν
924 2831 1026 2896 naida,
1049 2832 1118 2910 ὀροῖν
1144 2850 1172 2914 p.
1197 2834 1263 2910 42,
1293 2837 1342 2897 17.
1379 2835 1409 2898 in

227 2959 289 3023 qua
313 2959 349 3004 re
371 2938 511 3026 Lycurgi
536 2936 725 3021 sapientiam
756 2935 930 3020 praedicat.
979 2933 1059 2998 llinc
1085 2935 1276 3020 intelligitur
1302 2958 1412 3004 errare

226 3043 437 3129 Interpretem
474 3041 529 3107 ubi
565 3041 680 3106 verba:
716 3040 816 3105 unirer
846 3039 898 3105 κοιῖ
934 3040 1139 3120 πρεσβύτερον
1172 3039 1280 3105 τούτου
1312 3039 1326 3107 ‘d
1358 3043 1410 3109 κοιὶ

225 3149 392 3230 Λυκούργῳ
419 3146 535 3222 ἐδόκει,
567 3147 612 3210 ita
645 3146 758 3210 vertit:
794 3144 844 3209 »il
877 3167 897 3232 y
931 3165 948 3208 a
977 3164 1040 3209 une
1071 3143 1166 3209 cbose
1201 3167 1310 3210 encore
1337 3147 1411 3234 plus

224 3252 414 3342 respectable
436 3251 454 3314 b
478 3248 612 3333 laquelle
630 3249 800 3335 Lycurgue
819 3250 905 3313 avait
925 3247 997 3333 teja
1020 3250 1151 3334 pensd.”
1197 3251 1409 3334 Πρεσβύτερον

225 3358 324 3426 estid
356 3355 440 3442 quod
460 3354 556 3419 ultius
579 3355 676 3418 etiam
700 3361 748 3416 est
771 3352 953 3439 repetitum,
985 3374 1086 3440 quum
1110 3374 1191 3439 puer
1213 3375 1275 3420 non
1305 3377 1344 3422 ex
1376 3377 1409 3423 se

224 3466 293 3551 ipse
316 3461 371 3528 sed
408 3481 446 3526 ex
476 3467 644 3543 pareutum
674 3456 862 3542 corporibus
893 3467 1066 3542 spectatur.
1116 3459 1149 3525 ln
1176 3460 1235 3536 iis,
1267 3481 1349 3547 quae
1371 3462 1409 3528 de

224 3593 260 3640 ea
288 3567 477 3653 rescripsit
510 3564 741 3637 Philostratus,
766 3561 924 3648 pullulant
953 3563 1066 3650 Mynae
1089 3564 1312 3650 supplementa
1333 3587 1406 3633 cunr

224 3673 416 3745 Graecitatis
444 3678 475 3735 et
508 3668 685 3734 sententiae
715 3667 909 3734 detrimento
933 3678 963 3733 et
995 3669 1101 3732 exitio.
1151 3669 1220 3734 Alia
1244 3670 1336 3737 biant
1365 3672 1408 3739 la·

223 3783 337 3857 cuniS,
370 3775 469 3843 veluti
505 3795 534 3860 p.
558 3777 619 3849 44,
645 3777 685 3838 5:
718 3771 770 3836 κοιῖ
804 3773 914 3838 aerata
942 3775 999 3853 μὲν
1032 3773 1107 3839 ἕκτοι
1138 3776 1267 3857 οῖφοινῶς
1304 3777 1407 3842 ὑποδέ-

222 3892 315 3961 δυκε,
339 3880 521 3962 μετοοβοκην
547 3878 687 3960 ἴσχοντος
718 3884 770 3942 τοῦ
804 3876 937 3957 οοῖροοοτος
963 3880 993 3942 ἐν
1017 3888 1087 3953 τοιῖς
1109 3889 1163 3954 τῆς
1189 3881 1311 3956 ἡκικῖοος
1341 3905 1406 3963 τρο·

221 3999 320 4064 κκῖς,
345 3987 399 4052 ubi
421 3984 580 4069 permulta
603 3983 688 4048 inter
709 3983 871 4049 ὑποδέδυκε
894 3992 926 4048 et
953 3986 1135 4063 ρεσκβοκην
1167 3983 1404 4054 desiderantur.

221 4097 429 4162 commentus
448 4098 496 4153 est
512 4088 624 4174 Mynas
642 4086 762 4172 aliquid
787 4087 869 4173 quod
892 4087 963 4154 vida
988 4090 1020 4153 in
1042 4089 1249 4174 Darembergi
1270 4090 1405 4176 praelat.

220 4224 250 4288 p.
272 4219 335 4265 xvr.
362 4193 445 4260 unde
467 4191 547 4256 nihil
571 4190 767 4278 proficimus.
817 4195 921 4258 Etiam
949 4213 1030 4278 quae
1053 4194 1138 4260 edita
1162 4204 1239 4260 sunt
1264 4216 1327 4262 non
1357 4216 1404 4262 sa·

218 4304 398 4373 tisiaciunt.
448 4299 510 4364 Res
538 4299 622 4363 enim
658 4298 728 4383 ipsa
759 4297 903 4383 loquitur
926 4298 968 4363 rol
994 4300 1176 4378 νοσηροιτοο,
1211 4320 1293 4385 quae
1325 4300 1404 4366 dicit

218 4411 455 4482 Philostratus,
479 4423 541 4468 nnn
567 4405 697 4486 οὶφοονιῖς
722 4403 833 4468 rareto
853 4401 926 4467 ὄντοο
952 4405 1182 4482 ὑποδεδυκέκκι,
1209 4404 1402 4494 (Interpres:

220 4536 292 4583 »ces
331 4510 483 4578 maledics
519 4529 552 4576 se
586 4517 657 4576 sont
689 4505 881 4575 introduites
903 4506 982 4575 dans
1016 4508 1044 4575 le
1073 4529 1165 4596 corps
1196 4509 1252 4577 des
1276 4510 1404 4578 enlants
