3270 5190
800 449 840 509 54

222 616 379 694 λαισθίαιις
409 618 482 696 μέν
521 643 567 693 τις
600 620 615 697 ἢ
649 621 837 703 αμφιιιτθαν
871 618 1055 699 ἐγκρίσσιισιι
1094 619 1156 682 cieri
1186 623 1244 683 τῶι
1280 620 1416 685 τοιῶνδε.

224 723 334 810 Cogita
356 723 435 790 baec
458 722 556 790 scribi
581 724 619 790 ad
645 723 931 792 demonstrandum
956 743 1015 788 cur
1036 742 1165 788 necesse
1189 722 1231 787 sit
1258 742 1416 810 gymnas-

222 835 290 894 iam
314 832 597 912 Φυσιογνωμονικθι
622 831 952 912 incontaminatam.
1002 827 1117 894 Statim
1144 827 1319 913 perspicies
1342 848 1414 895 sen·

222 935 358 1001 tentiam
387 934 572 999 huiusmodi
598 935 729 1001 subesse
749 945 916 1021 oportere:
941 934 1006 999 otio
1030 931 1251 999 Hellanodicas
1275 940 1307 998 et
1337 933 1413 998 Arn-

222 1039 412 1128 phictyones
441 1040 475 1104 in
499 1039 629 1105 athletis
654 1048 799 1126 spectare
821 1049 852 1105 ct
882 1040 1070 1125 requirere,
1103 1039 1167 1103 olio
1191 1045 1411 1126 gyrnnastanr.

222 1145 272 1210 Illi
296 1154 477 1231 quaerunt:
502 1147 527 1209 εἰ
549 1148 636 1228 <idib
659 1146 735 1228 τῷδε
760 1146 811 1211 καὶ
837 1145 971 1227 πατρίς,
996 1146 1021 1210 oi
1045 1145 1146 1225 πατὴρ
1171 1145 1223 1209 καὶ
1248 1143 1360 1221 γένος,
1385 1146 1410 1211 ei

223 1248 258 1325 ἕξ
279 1250 438 1330 ἐλευθέρων
462 1250 513 1315 καὶ
537 1252 582 1329 μὴ
607 1249 704 1328 ιθθσς,
728 1251 779 1316 ἐπὶ
801 1254 895 1316 arcion
920 1253 945 1315 ci
967 1248 1029 1323 ιέσς
1052 1249 1104 1314 καὶ
1126 1250 1171 1328 μὴ
1196 1250 1269 1329 ὑπὲρ
1293 1249 1407 1315 παῖδα.

221 1352 308 1418 Nihil
333 1354 379 1418 illi
404 1355 541 1421 ulterius
561 1355 767 1441 quaerebant.
816 1355 904 1422 Unde
929 1354 1034 1420 nosti?
1060 1355 1197 1440 inquies.
1233 1352 1278 1418 Nc
1302 1351 1408 1418 dicam

222 1479 261 1525 cx
285 1459 355 1545 ipsa
378 1462 426 1526 rci
452 1468 568 1526 natura
592 1462 672 1527 satis
696 1482 850 1548 apparere
873 1460 997 1547 reliqua
1026 1479 1107 1545 quae
1135 1459 1244 1524 statim
1278 1478 1409 1524 enume·
1476 1452 1480 1459 ’

221 1571 336 1631 rentur
358 1565 396 1630 ab
421 1565 483 1630 illis
502 1565 661 1652 explorari
685 1587 746 1631 non
770 1567 928 1652 potuisse,
954 1573 1067 1631 testem
1086 1566 1193 1650 potius
1215 1563 1410 1650 producam,

223 1690 317 1756 quem
342 1690 403 1735 non
433 1672 570 1736 reiicies.
619 1671 718 1751 Quem
753 1671 906 1737 tandem?
944 1671 1173 1736 Plriloslraturn
1207 1670 1316 1755 ipsum
1349 1668 1408 1734 boc

222 1775 293 1861 ipso
322 1773 401 1839 loco.
449 1774 532 1840 Audi
557 1774 651 1840 modo
672 1776 843 1860 diligenter
875 1795 957 1860 quae
985 1774 1091 1841 dicat:
1127 1776 1195 1840 εἰιὶ
1225 1778 1352 1841 πᾶσιν
1381 1776 1407 1840 εἰ

222 1878 283 1953 vioe
308 1879 360 1944 acci
382 1879 426 1958 μθ
443 1881 517 1960 ὑπὲρ
538 1882 650 1947 παῖδα.
684 1881 847 1967 Perpende
872 1880 949 1966 quid
974 1881 1016 1946 sit
1040 1882 1090 1945 ἐπὶ
1119 1883 1233 1957 ιιῖισιι,
1259 1890 1291 1946 et
1315 1879 1406 1946 intel·

221 1984 302 2070 liges
335 1983 413 2049 illud
446 2004 515 2050 esse
539 1986 682 2051 omnium
719 1987 931 2051 novissimum
965 1995 996 2050 et
1026 1994 1218 2051 extremum.
1268 1985 1301 2050 Si
1336 1987 1407 2070 quis

217 2090 404 2176 pertempto
424 2089 556 2155 naulum
579 2089 757 2177 perdidisse
778 2091 917 2168 dicitur,
939 2090 1053 2175 ecquid
1073 2096 1218 2176 superest
1232 2088 1317 2177 quod
1339 2110 1404 2177 per-

221 2194 297 2260 dere
319 2195 446 2281 possit?
484 2196 517 2261 Si
544 2196 602 2261 boc
628 2197 673 2262 illi
702 2206 773 2284 post
801 2197 903 2262 οιιιιιιίι
926 2197 1115 2282 requirnnt,
1140 2195 1275 2282 reliquis
1300 2194 1402 2260 nullus

219 2298 309 2365 locus
331 2301 501 2384 supererit.
552 2300 681 2366 Scilicet
706 2322 792 2367 nunc
816 2301 972 2387 oppositio
1004 2301 1151 2386 sequitur
1174 2300 1206 2364 in
1231 2298 1320 2366 lrunc
1342 2318 1398 2365 mo·

220 2404 296 2470 dum
320 2403 536 2470 restituenda:
560 2406 611 2471 εἰσὶ
636 2409 714 2471 πᾶσι
735 2407 766 2470 δὲ
788 2408 813 2471 εἷ
838 2407 899 2479 ιε’σς
920 2407 971 2471 καὶ
994 2407 1039 2484 μὴ
1060 2407 1133 2486 ὑπὲρ
1155 2405 1267 2490 παῖδα.
1315 2409 1353 2473 Ei
1373 2407 1403 2473 δὲ

219 2511 409 2590 ἕγιιρασθιςῆ
431 2511 588 2589 ἀκρατής,
612 2511 637 2574 εἰ
663 2511 815 2588 peducle,
841 2513 866 2576 εἰ
890 2512 1017 2591 timaeo,
1041 2512 1066 2576 ci
1090 2511 1287 2592 θαρσαλέσςῆ
1309 2510 1404 2585 δειλός

218 2613 271 2678 illi
290 2613 414 2698 paridem
444 2612 524 2677 nibil
556 2620 672 2677 curant
704 2634 879 2699 quaerere,
912 2615 966 2680 scd
999 2614 1069 2680 boni
1090 2626 1276 2701 ppmnaotac
1300 2625 1349 2683 est
1374 2617 1404 2681 id

219 2717 317 2804 probe
341 2719 444 2792 scire,
470 2726 504 2783 nt
529 2719 583 2804 qui
609 2725 743 2784 naturae
775 2719 817 2784 sit
845 2718 940 2784 iudex
969 2720 1155 2806 ingeniique
1183 2730 1345 2807 spectator
1369 2742 1405 2786 ao

220 2823 386 2889 rnorunr.''
441 2823 526 2888 Haec
558 2823 659 2908 igitur
690 2844 786 2889 causa
818 2833 866 2890 est
890 2845 950 2890 cur
983 2834 1171 2912 gyurrrastae
1204 2828 1246 2891 sit
1276 2847 1405 2893 necesse

221 2930 502 3012 Φυσιογνωμονικὶιι
537 2929 727 3011 ἐπεσκέφθαι
763 2934 880 2995 πᾶσαν.
929 2930 1132 3016 Quicumque
1168 2931 1249 2995 mibi
1282 2931 1405 2999 dederit

220 3033 304 3099 hanc
322 3034 422 3118 ipsam
447 3035 639 3099 senteutiam
666 3034 771 3100 verbis
805 3035 1006 3119 interpolatis
1035 3044 1065 3100 et
1090 3039 1252 3122 corruptis
1276 3037 1405 3104 subcssc

220 3146 388 3224 oportere,
414 3158 499 3202 rrunc
523 3158 649 3202 mecum
677 3141 793 3224 poterit
819 3139 912 3202 rerba
933 3138 1138 3225 exsculpere,
1169 3142 1287 3227 quibus
1310 3145 1348 3210 ad
1375 3145 1405 3211 id

222 3240 470 3328 significandum
493 3240 642 3327 Sophiste
664 3263 741 3307 usus
759 3263 827 3308 esse
847 3242 1004 3311 videatur.
1042 3246 1143 3326 Quam
1164 3245 1276 3313 vellem
1300 3251 1403 3335 ipsnnr

220 3346 367 3414 Codicern
399 3353 575 3430 utcumque
605 3346 687 3412 male
717 3346 862 3413 lrahiturn
887 3348 967 3412 nribi
997 3351 1108 3415 rirnari
1136 3350 1266 3417 liceretl
1316 3353 1404 3434 Quod

221 3453 297 3538 quia
322 3451 391 3517 fieri
411 3471 472 3515 non
495 3459 600 3536 potest
623 3453 823 3518 excutiamus
843 3453 921 3518 haec
946 3453 1122 3520 llinoidea:
1148 3459 1173 3522 εἰ
1198 3459 1363 3540 deprende
1387 3459 1403 3536 ἢ

220 3557 331 3630 beanda.
380 3556 478 3622 Οθσε
503 3558 533 3621 εἷ
559 3558 778 3636 prudenciae
805 3559 908 3634 οὐδὲν,
941 3560 966 3624 οἱ
989 3557 1071 3635 ιθμσι
1106 3562 1214 3642 σφίσιν
1246 3565 1319 3646 ὑπὲρ
1347 3571 1403 3630 τῶν

220 3664 362 3731 σσισθται
394 3661 614 3739 διαλέγονται,
647 3664 699 3728 τὸν
728 3663 759 3728 δὲ
791 3664 955 3741 cuprasio
980 3662 1181 3739 ἐξεπίςασθαι
1213 3674 1320 3734 ταῦτα
1342 3671 1402 3753 <bd-

220 3771 295 3841 σεθς
318 3793 375 3834 σου
405 3770 505 3849 apirian
536 3766 619 3832 θισα.
668 3765 769 3845 Quam
796 3767 1002 3833 manifestum
1028 3771 1059 3833 in
1093 3769 1143 3835 bis
1167 3778 1315 3838 tenemus
1346 3773 1403 3839 lal-

220 3875 366 3951 sarium,
399 3880 430 3937 et
459 3891 554 3957 qnam
581 3870 659 3934 nihil
683 3869 768 3936 videt
794 3873 823 3936 in
850 3872 1042 3938 Graecorum
1068 3874 1179 3960 lingua
1203 3884 1234 3942 et
1268 3876 1403 3957 litteris,

221 3979 276 4063 qui
295 3979 356 4042 ista
377 3985 432 4041 aut
452 3975 511 4040 sibi
533 3984 590 4040 aut
610 3975 681 4040 aliis
702 3976 840 4042 sustinet
858 3998 916 4063 pro
935 3979 1065 4045 Graecis
1087 3981 1264 4048 venditarel
1289 3984 1402 4050 Emen-

220 4081 361 4148 dandum
384 4100 453 4145 csse
478 4079 616 4144 arbitror
645 4081 676 4143 in
709 4079 795 4148 bunc
824 4082 890 4148 lore
914 4083 1065 4150 modum:
1102 4087 1127 4150 εἰ
1153 4088 1318 4167 θαρσαλέος
1351 4089 1402 4155 καὶ

219 4187 316 4259 δειλὸς
350 4181 450 4250 οὗτοι
487 4186 555 4263 μὲν
588 4186 875 4267 Φριντθζσυσιι
914 4190 1020 4254 οὐδὲν
1051 4191 1138 4255 οὐδὲ
1167 4193 1193 4255 ci
1222 4192 1305 4270 ιθαιι
1333 4195 1403 4276 σφί-

218 4318 264 4359 σιν
290 4292 362 4371 ὑπὲρ
382 4298 440 4356 τῶν
463 4291 603 4357 σσισθτιιι
626 4290 843 4370 διαλέγονται,
867 4294 918 4358 τὸν
938 4295 969 4358 δὲ
983 4296 1145 4373 pannucia
1169 4297 1217 4361 δεῖ
1237 4299 1402 4368 εἰιίςασθαι

218 4403 321 4463 ταῦτα
347 4396 469 4479 Φθσειθς
487 4422 544 4462 mou
566 4397 667 4479 κριτὴν
688 4396 770 4462 θισα.
819 4397 853 4460 lu
885 4396 935 4461 his
957 4419 1019 4463 nan
1045 4398 1171 4484 singula
1194 4402 1289 4468 verba
1315 4424 1402 4490 prae·

217 4501 355 4573 stiterim
384 4500 439 4567 sed
471 4503 663 4568 sententiam
694 4510 801 4567 tamen
833 4501 1013 4569 verborum.
1062 4505 1150 4586 Quod
1182 4509 1330 4594 sequitur
1350 4511 1425 4593 τθιν

1401 4598 1424 4723 θ

1401 4728 1419 4849 a
