3270 5190
671 442 713 502 65

100 614 215 700 positio
240 633 270 698 p.
290 618 352 690 90,
379 618 415 677 7:
441 613 567 695 ἀπόχρη
592 613 662 684 τοὺς
690 613 747 691 μὲν
767 613 855 694 πηλῷ
880 611 932 677 καί
953 611 1116 696 παλκίςροο
1139 613 1288 688 ποιήσων·

100 745 158 792 τας
181 717 318 793 ἀνιέναι,
352 717 406 782 ubi
430 717 501 791 τοὺς
525 718 581 795 μὲν
608 716 663 805 (ἐν)
690 719 777 799 πνλῷ
807 715 1049 802 reponendum,
1084 717 1289 802 quemadmo-

100 824 176 889 dum
202 829 234 888 et
258 821 332 887 alihi
359 842 453 908 saepe
482 830 567 888 reete
587 822 728 906 legitur,
753 830 785 887 et
810 823 842 885 in
866 821 986 887 vicinia
1010 841 1056 887 vs,
1081 826 1121 887 9:
1155 824 1288 900 ἐπιτυμ-

99 928 200 1010 νοίζειν
220 954 256 994 τε
278 937 334 1003 τῆς
360 929 501 1009 ὑςεραίαρ
527 930 564 993 ἕν
589 930 687 1009 πκλῷ.

146 1031 245 1117 Saepe
269 1032 345 1098 alibi
369 1040 535 1098 correctus
553 1051 644 1097 error
665 1031 772 1097 nescio
797 1029 955 1116 quomodo
982 1029 1086 1096 haesit
1114 1051 1143 1116 p.
1169 1036 1232 1108 94,
1258 1035 1288 1096 6.

99 1137 133 1201 in
158 1136 282 1202 verbis:
316 1140 342 1203 oi
366 1138 429 1218 νάρ
454 1138 536 1215 νόμον
558 1139 592 1203 τὸ
617 1139 748 1215 πάδνμα
776 1138 997 1218 χαλεπώτερον
1031 1135 1288 1224 (χαλεπώτατον)

101 1242 262 1321 ἡγούμενοι
286 1244 346 1308 τῶν
371 1245 401 1307 ἐν
426 1245 521 1320 ἀγῶνι
550 1243 592 1323 τῷ
617 1267 652 1307 τε
680 1243 765 1322 αὐλῷ
798 1242 998 1322 προτενεί
1006 1265 1117 1321 ponor
1148 1242 1199 1306 τὸν
1232 1265 1289 1315 πν-

100 1349 197 1414 δῶντα
222 1348 341 1430 καὶτῷ
372 1350 482 1427 ἀλτῆρι
506 1346 816 1428 προσελαφρύνουτιν.
863 1344 1052 1426 Προοενείρω
1077 1345 1209 1410 uerbum
1241 1352 1290 1409 est

100 1452 230 1518 Graecis
254 1451 458 1516 inauditum:
484 1448 858 1531 emendatapoeyelpooor.
907 1448 986 1529 Quis
1010 1469 1073 1514 non
1096 1467 1189 1534 saepe
1209 1448 1290 1515 vidit

100 1557 157 1638 πρό
181 1563 212 1621 el
237 1556 309 1637 πρός
332 1554 522 1640 praesertim
552 1553 586 1617 iu
619 1554 724 1619 verbis
755 1555 941 1641 compositis
978 1562 1043 1619 tarn
1077 1554 1176 1620 stulte
1206 1555 1290 1619 inter

101 1681 135 1726 se
157 1661 364 1747 permisceri,
388 1666 426 1722 ut
457 1678 518 1723 non
553 1660 671 1724 sentiat
701 1659 793 1725 libris
817 1660 891 1725 lllss.
918 1659 950 1724 in
974 1659 1030 1725 toli
1063 1679 1098 1725 re
1123 1659 1167 1723 nil
1197 1658 1287 1744 quid-

102 1784 198 1851 quam
223 1763 311 1830 eredi
335 1763 451 1848 posse?
499 1764 534 1828 In
560 1762 620 1827 hoo
649 1766 717 1850 ipso
738 1764 843 1830 libello
861 1765 1061 1845 προσήκοντες
1086 1764 1289 1850 appellantur

103 1872 158 1954 qui
185 1876 261 1935 sunl
283 1877 381 1933 aetate
405 1868 542 1951 provecti
567 1867 771 1957 (προήκοντες)
797 1888 828 1955 p.
852 1872 914 1946 56,
941 1874 993 1935 19.
1041 1869 1174 1953 Legitur
1198 1893 1288 1951 προσ·

100 1974 215 2053 ἔχοντα
260 1972 312 2037 uhi
345 1972 519 2054 προέχοντα
562 1974 741 2057 requiritur
776 1994 806 2058 p.
833 1978 897 2050 58,
922 1977 965 2050 δ,
1000 1972 1288 2055 προοεμβάλλουοα

99 2098 131 2163 p.
156 2083 220 2154 54,
248 2081 310 2155 19,
334 2097 392 2163 pro
416 2076 683 2159 προεμβάλλουοα
707 2085 739 2142 et
764 2078 826 2143 alia
848 2076 1092 2144 eiusdemmodi.

144 2181 295 2266 Rolegam
330 2202 416 2247 nune
448 2185 567 2247 iterum
594 2200 690 2267 quam
724 2189 834 2266 potero
866 2181 1113 2267 diligentissime
1144 2180 1286 2247 libellum

99 2295 131 2352 et
163 2289 269 2371 spicas
292 2287 447 2372 quasdam
483 2288 606 2372 legam,
631 2287 657 2350 si
692 2286 769 2370 quid
795 2306 845 2351 me
874 2286 979 2352 adhue
1003 2286 1108 2371 sugit,
1135 2287 1286 2352 simulet

99 2391 138 2458 de
162 2391 280 2468 rehuS,
306 2412 386 2477 quas
410 2391 625 2457 Philostratus
647 2391 812 2475 exposuit,
845 2392 991 2456 nonnihil
1015 2399 1241 2457 annotaturus.

144 2498 220 2582 Pag.
245 2501 275 2560 2.
310 2517 356 2563 vs.
381 2502 420 2563 9:
453 2495 581 2577 Ἐξαιρῶ
616 2496 659 2584 (δὲ
690 2496 758 2581 καί)
781 2498 832 2562 τὸν
868 2499 1055 2579 κυβερνήταν
1078 2505 1137 2564 τῶν
1166 2499 1286 2577 βαναύ-

99 2625 176 2677 σων,
200 2602 304 2677 ἐπειδὴ
327 2600 424 2683 ἀςρων
448 2628 484 2667 τε
514 2602 707 2674 συνέσεως
742 2600 795 2665 καί
819 2602 954 2682 ἀνέμων,
988 2602 1040 2668 καί
1077 2610 1135 2669 τῶν
1165 2603 1286 2679 ἀδήλων

99 2704 250 2771 ἅπτεται.
286 2706 321 2771 ln
348 2706 399 2772 his
421 2708 567 2780 συνέσεως
592 2706 631 2771 ab
655 2705 786 2772 Editore
809 2714 873 2773 esi:
902 2709 933 2772 in
959 2708 1142 2794 apographo
1167 2710 1287 2775 σύνεσιν

98 2811 229 2896 legitur.
276 2810 542 2877 Eruenduverim:
568 2812 671 2885 ἐπειδὴ
695 2808 794 2891 ἀτρων
816 2835 851 2876 τε
884 2814 1047 2888 ουνίνοι
1084 2814 1136 2878 καί
1166 2813 1286 2892 ἀνέμων

98 2917 150 2983 καί
174 2923 232 2982 τῶν
257 2917 377 2992 ἀδήλων
400 2913 549 2981 ἀπτεται.

145 3023 224 3107 Pag.
246 3027 278 3086 t.
305 3041 351 3086 vs
377 3025 432 3087 18:
457 3020 565 3086 καὶτὸ
590 3022 632 3095 εἷς
654 3020 758 3102 δένδρα
783 3020 814 3085 δὲ
838 3023 981 3094 αὐτοῖς
1011 3017 1098 3099 ἧκον,
1123 3021 1187 3087 imo
1212 3043 1286 3088 vero

98 3129 219 3206 αὐτῆς,
253 3146 366 3211 nempe
387 3135 442 3201 τῆς
473 3127 609 3209 φύσεως.
657 3126 786 3191 Poterat
810 3124 1050 3211 simplicissime
1082 3126 1208 3194 dioere:
1233 3128 1286 3194 καὶ

99 3236 200 3309 ἡτῶν
236 3231 355 3312 δένδρων
392 3232 423 3297 δὲ
457 3236 551 3316 φύσει
589 3232 709 3308 >iniria
740 3230 898 3310 διαμένει,
931 3229 986 3297 sed
1022 3232 1137 3298 maluit
1172 3241 1287 3319 argute

99 3345 132 3403 et
152 3337 326 3423 sophistice
349 3357 419 3404 eam
442 3339 635 3404 sententiam
659 3357 825 3402 exornare.

145 3443 222 3528 Pag.
248 3447 279 3508 6.
312 3448 433 3508 νε.1·5.
466 3442 620 3528 legerim:
653 3441 847 3523 παγκρνίτιον
876 3443 902 3507 δ’
926 3440 961 3518 ἐξ
989 3446 1109 3526 ἀμφοῖν
1140 3441 1286 3523 συναρμό-

99 3549 153 3622 ein
176 3567 234 3635 pro
264 3549 296 3613 δὲ
320 3552 451 3630 ἀμφοῖν.
499 3545 678 3613 Emendare
709 3566 769 3611 non
796 3566 925 3631 possum
960 3567 1005 3611 vs.
1032 3551 1083 3611 16.
1117 3545 1287 3613 manifesto

99 3654 271 3719 mendosa:
296 3654 348 3719 καί
372 3655 406 3718 τὸ
430 3653 566 3718 ἀκόντιον
596 3651 676 3732 ἤρκει
698 3655 714 3728 ἡ
740 3651 816 3725 νίκα.
864 3650 999 3736 Reliqua
1024 3653 1070 3717 sic
1096 3652 1285 3718 scribenda:

99 3760 192 3825 Κατά
216 3759 247 3824 δὲ
272 3761 342 3831 τοὺς
365 3758 489 3841 χρόνους
514 3754 562 3831 οὓς
583 3760 599 3833 ἡ
621 3757 723 3838 Ἀργὼ
747 3755 835 3821 ἔπλει
859 3760 1016 3836 Τελαμὼν
1040 3757 1098 3836 μέν
1114 3796 1160 3806 -
1180 3756 1285 3840 ποίλρ·

99 3865 186 3931 ὁπότ’
210 3862 259 3932 οὖν
284 3865 464 3946 ἠγωνίζοντο
487 3865 552 3929 κτὲ.

144 3969 221 4055 Pag.
245 3972 308 4042 10,
335 3975 375 4036 7:
409 3970 544 4049 πόλεμον
569 3973 681 4031 Ἠλεῖοι
716 3965 868 4045 Δυμαίοις
893 3964 1034 4049 ξυνῆψαν
1057 3963 1132 4032 οὕτω
1155 3991 1185 4032 τι
1208 3968 1287 4044 ἀκή-

98 4099 205 4158 ρυκτον
226 4079 264 4149 ἀς
286 4076 363 4154 μηδὲ
386 4075 429 4140 τά
455 4074 622 4151 Ὀλύμπια
651 4069 771 4152 ἀνοχάρ
797 4067 892 4138 εἶναιε
927 4092 989 4137 non
1014 4092 1084 4138 esse
1105 4071 1184 4139 haec
1208 4073 1287 4138 salis

99 4180 271 4265 diligenter
305 4187 436 4246 narrata
468 4178 641 4244 Africanus
664 4176 747 4262 apoll
782 4176 957 4243 Eusebium
993 4176 1032 4243 ad
1065 4176 1287 4265 Olympiadem

43 4355 46 4358 ,
99 4286 243 4353 XXVlll.
269 4295 300 4353 et
326 4285 440 4352 Straho
461 4283 544 4348 Vlll.
575 4303 604 4369 p.
626 4286 701 4347 555.
727 4280 896 4347 docebunt.

144 4395 219 4478 Pag.
244 4400 308 4472 14,
334 4400 373 4460 4;
411 4392 448 4481 (οἱ
477 4386 726 4476 Λακεδαιμόνιοι)
762 4390 898 4467 μεθῆκαν
922 4387 957 4452 τὸ
984 4384 1144 4453 πυκτεύειν
1177 4385 1289 4453 καὶτὸ

98 4498 348 4582 παγκρατιοίζειν
370 4497 494 4579 ὁμοίως,
527 4496 655 4578 αἰσχρὸν
678 4492 839 4577 ἡγούμενοι
864 4491 1096 4576 διαγωνίζεσθαι
1128 4495 1232 4558 ταῦτα
1258 4493 1288 4556 ἐν
