3270 5190
795 435 837 496 85

222 603 282 669 alia
308 603 489 691 curnplura,
515 604 598 671 unde
625 625 721 693 quam
743 605 805 674 late
826 606 880 673 illa
904 607 1003 694 pestis
1026 605 1180 692 serpserit
1204 601 1307 670 laoilis
1333 621 1406 669 con·

221 712 345 775 iectura
369 717 427 776 est.

266 814 384 881 lisdem
408 817 606 902 temporibus
626 817 685 903 ipsi
708 816 775 883 ludi
801 815 961 905 Olympici
986 817 1018 880 iu
1044 822 1136 881 tanta
1160 813 1312 880 Graeciae
1340 814 1408 879 ino-

221 919 273 1006 pia
295 920 511 1006 languebant,
541 923 634 988 cuius
662 923 708 986 rei
735 923 955 989 testimonium
989 940 1030 986 ex
1057 919 1165 986 Flavio
1198 917 1330 1005 lusepbo
1358 937 1409 984 ex·

222 1044 366 1111 proruam
393 1034 428 1093 ut
450 1046 490 1093 ex
510 1048 546 1094 eo
577 1036 671 1094 vetus
697 1027 850 1094 mendum
880 1028 1030 1093 eximam.
1080 1025 1198 1092 Scribit
1224 1023 1263 1090 de
1285 1023 1410 1090 Herode

221 1130 335 1215 Magno
359 1131 391 1196 in
417 1134 507 1200 Anu.
533 1132 603 1199 Iud.
626 1133 709 1200 XVI.
737 1154 765 1199 v.
792 1139 833 1199 5:
869 1135 920 1199 τδν
945 1131 1161 1211 Ὀλυμπίασιν
1188 1133 1299 1209 οίγῶνα
1327 1130 1408 1195 πολὺ

221 1243 276 1311 τῆς
308 1237 511 1320 προσηγορίας
539 1237 713 1320 ἀδοξότερον
747 1240 799 1303 ὑπ’
829 1238 1035 1319 οίχρημαπίας
1059 1235 1279 1315 διατεθειμένον
1303 1234 1408 1313 πιμιοί-

220 1365 303 1423 τερον
333 1342 426 1408 ἐποίει
455 1343 628 1425 χρημοίτοιν
656 1344 814 1426 προσοδοιις
838 1344 1024 1419 καπαςνίσας
1053 1342 1105 1407 καὶ
1136 1340 1208 1422 πρθς
1241 1365 1276 1406 τε
1301 1339 1408 1414 θυσίας

221 1446 344 1514 καὶτὸν
369 1445 466 1513 ἄλλον
489 1448 602 1525 κίσμον
633 1448 850 1526 ἕτεμνοποίησε
876 1450 931 1525 την
957 1447 1140 1528 πανήγυριν.
1188 1445 1273 1512 Haec
1299 1445 1408 1511 omnia

221 1559 309 1618 recte
333 1572 367 1619 se
389 1551 529 1630 habent,
562 1551 616 1618 sed
648 1553 762 1618 vitium
792 1560 841 1632 est
866 1553 899 1617 in
934 1571 1000 1638 sqq.
1050 1551 1114 1618 Δια
1144 1551 1179 1625 δη
1204 1551 1323 1625 ταύτην
1352 1551 1409 1626 την

220 1657 404 1741 φιλοτιμίαν
432 1657 620 1733 διηνεκὴς
651 1657 907 1736 ἀγωνοθέτης
932 1658 1019 1740 παροδ
1042 1665 1105 1731 τοῖς
1130 1657 1318 1731 πλείςοις
1340 1657 1409 1721 ἆνε-

220 1763 343 1849 γροίφη.
390 1761 545 1828 Iocularis
569 1782 661 1829 error
685 1782 742 1829 nos
765 1762 953 1829 ludificatur
973 1763 1005 1828 in
1030 1761 1153 1827 ultimis
1172 1761 1291 1830 verbis,
1315 1759 1410 1848 Apud

221 1890 301 1957 quos
326 1868 455 1934 tandem
480 1877 608 1955 praeter
632 1870 718 1956 ipsos
741 1868 908 1936 Elidenses
928 1870 1151 1950 ἀναγραφῆναι
1175 1865 1332 1933 llercdem
1350 1886 1408 1953 pu·

221 1984 270 2042 tas
296 1976 416 2051 διηνεκῆ
438 1974 653 2053 asennaa?
691 1974 799 2042 Solent
823 1975 909 2039 inter
933 1993 967 2040 se
991 1983 1019 2038 H
1040 1979 1072 2039 et
1093 1983 1122 2038 Π
1147 1970 1348 2058 permutari,
1371 1977 1411 2036 ut

220 2079 304 2168 apud
329 2079 574 2147 Demosthenem
599 2100 630 2166 p.
654 2085 761 2159 1454,
789 2084 851 2157 10,
876 2077 932 2143 uhi
954 2079 985 2142 in
1008 2076 1099 2144 libris
1121 2085 1191 2142 est:
1215 2078 1322 2159 πολλῷ
1343 2077 1407 2159 γαρ

219 2185 258 2252 θον
282 2195 423 2253 πλεῖον
457 2181 527 2267 εἶχε
552 2203 609 2270 pro
633 2181 710 2260 ίίδιον
735 2182 952 2271 (ΗΔΕΙΟΝ),
978 2189 1009 2248 et
1039 2203 1069 2268 p.
1094 2186 1200 2260 1448,
1226 2186 1278 2248 19.
1302 2201 1362 2268 pro
1380 2183 1407 2247 οἱ

220 2299 384 2359 πλεῑςον
410 2295 469 2355 τῶν
500 2292 573 2371 παρ’
593 2289 676 2368 ὑμῶν
704 2288 895 2355 ἐκπλεόντων
918 2287 981 2354 duo
1001 2284 1077 2352 libri
1107 2287 1177 2353 sine
1196 2305 1293 2352 sensu
1319 2285 1407 2352 exhi·

220 2396 296 2462 hant
319 2396 346 2462 οἱ
371 2394 475 2473 direci.
522 2393 675 2480 losephus
701 2393 769 2481 ipse
801 2392 993 2479 scripserat:
1027 2391 1114 2473 παροδ
1142 2399 1205 2467 τοῖς
1232 2393 1406 2468 Ἠλείοις

218 2501 396 2583 νίνεγροίφη.

264 2606 333 2672 Nun
364 2604 528 2691 illepidum
565 2603 717 2671 mendum
749 2603 874 2671 obsidet
904 2602 1000 2671 verba
1034 2625 1064 2690 p.
1084 2607 1148 2681 82,
1176 2608 1237 2670 15:
1273 2606 1344 2678 τοὺς
1375 2604 1406 2670 δὲ

219 2712 354 2785 ὑποίνονς
383 2713 486 2793 ναςνίρ
517 2735 552 2777 τε
581 2709 756 2791 ἑρμηνεύσει
791 2710 918 2790 περιττὴ
946 2708 999 2775 καὶ
1030 2705 1114 2786 αἷμα
1147 2709 1405 2793 ἱλαρώτερον.

218 2815 377 2902 Equidem
410 2814 562 2880 athletam
588 2815 693 2900 ipsum
724 2812 906 2878 hilariorem
936 2832 1006 2878 esse
1032 2832 1123 2898 posse
1148 2813 1310 2893 arbitror,
1342 2835 1407 2881 non

219 2921 358 2988 athletae
380 2919 582 3003 sanguinem.
629 2916 749 2983 Callide
772 2936 807 2982 se
830 2915 991 3003 expedivit
1016 2916 1179 3003 Interpres
1208 2938 1309 3004 quum
1337 2940 1406 2987 ver-

220 3032 318 3091 teret:
357 3044 419 3089 »un
445 3043 525 3108 sang
547 3023 621 3110 plus
654 3021 735 3108 nis?
783 3020 922 3086 Videant
953 3020 1153 3089 medicorum
1182 3022 1239 3088 filii
1264 3043 1304 3088 an
1329 3024 1407 3090 Phi·

219 3129 373 3195 lostralus
399 3128 578 3216 lepidiorem
599 3126 790 3212 sanguinem
815 3125 848 3190 in
870 3146 907 3192 ea
931 3146 966 3194 re
995 3134 1105 3194 notare
1133 3130 1292 3214 potuerit,
1316 3149 1408 3197 nam-

220 3255 282 3321 que
314 3234 360 3298 sic
396 3233 459 3300 erit
492 3242 603 3319 parata
637 3229 819 3300 emendatio
854 3227 938 3311 αἷμα
977 3238 1279 3316 χλιαρθπερον,
1320 3235 1406 3322 quod

219 3339 361 3407 medium
389 3345 438 3406 est
460 3339 546 3405 inter
570 3332 780 3421 deputandum
813 3342 845 3400 et
868 3332 951 3416 αίμα
979 3338 1111 3421 ψυχρόν.

265 3440 356 3527 Quod
391 3443 504 3510 scribit
537 3443 751 3511 Philostratus
787 3463 816 3528 p.
838 3447 901 3520 94,
925 3448 965 3508 4;
1001 3445 1043 3524 τῷ
1078 3445 1164 3524 αὐλῷ
1198 3447 1404 3529 προενείροοοι

219 3551 270 3615 τὸν
295 3551 439 3625 πηδῶντα
466 3547 592 3615 duobus
626 3548 804 3613 Pausaniae
835 3547 914 3612 locis
943 3546 1172 3613 confirmatur:
1197 3549 1235 3614 V.
1260 3570 1312 3615 vn.
1341 3557 1403 3619 10:

219 3654 326 3720 τοθτον
348 3655 380 3720 δὲ
402 3651 493 3720 ἕνεκα
524 3653 638 3721 καὶτὸ
663 3651 796 3731 αὔλημα
826 3651 861 3717 πθ
892 3649 1020 3718 Πνθικθν
1052 3658 1134 3736 φασι
1167 3655 1209 3736 τῷ
1243 3657 1404 3735 πηδήματι

220 3760 442 3842 ἐπεισαχθῆναι
466 3764 526 3826 τῶν
550 3755 727 3824 πενποίθλνιν
753 3759 796 3846 (ἐν
820 3757 998 3846 Ὀλυμπία)
1023 3761 1062 3832 ὥς
1089 3760 1124 3825 τὸ
1157 3760 1214 3838 μὲν
1246 3763 1322 3844 ἱερὸν
1350 3768 1404 3829 τοῦ

220 3864 415 3938 Ἀπθλλνινος
438 3865 473 3931 τὸ
496 3865 629 3944 αὔλημα
651 3861 702 3942 θν,
725 3864 777 3930 τὸν
800 3864 987 3930 Ἀπθλλοινα
1019 3865 1050 3930 δὲ
1079 3865 1260 3947 ανηρημθνον
1285 3870 1405 3949 Ὀλνμ-

219 3970 314 4044 πιαθις
338 3970 447 4048 νίκας,
470 3978 502 4036 et
526 3969 578 4036 Vl.
604 3990 668 4037 xlv.
697 3973 758 4036 10:
794 3969 875 4044 δῆλα
898 3970 930 4035 δὲ
954 3965 999 4035 der
1024 3969 1077 4035 καὶ
1102 3971 1133 4035 ε’ν
1158 3972 1199 4053 τῷ
1232 3973 1328 4051 tyto
1360 3975 1403 4057 τῷ

219 4075 433 4154 Ὀλυμπίασιν
456 4073 613 4150 ε’πηθλησε
634 4077 676 4158 τῷ
700 4073 872 4158 πεντάθλῳ.
919 4077 1089 4159 Πυθοκρίτῳ
1107 4078 1164 4156 μὲν
1184 4078 1312 4159 γέγονεν
1331 4081 1401 4148 οίνπὶ

219 4179 333 4245 τούτων
357 4182 373 4256 ἡ
398 4180 429 4244 ἕν
453 4181 619 4264 Ὀλνμπίρι
642 4181 721 4256 ςθλη
742 4179 795 4245 καί
820 4180 1011 4262 ἐπίγραμμα
1035 4184 1084 4246 ἐπ’
1108 4185 1212 4266 αὕτη·

638 4295 925 4352 ΠΎΘΟΚΡΙΤΟΤ.

446 4393 498 4453 τοῦ
523 4392 699 4458 καλλινίκου
723 4396 838 4473 μναμα
862 4394 1008 4468 ταύλητᾶ
1029 4389 1108 4457 τθδε.

1121 4500 1134 4540 ss
1151 4496 1165 4528 4
