3270 5190
713 424 731 484 b

123 590 239 658 studiis
262 591 294 658 in
315 591 420 658 Gallia
438 593 585 661 attulerit
610 590 787 678 afferatque
810 601 842 658 et
866 592 995 660 aliunde
1018 594 1144 663 abunde
1166 607 1314 668 constare

121 698 207 763 inter
232 697 376 764 eruditos
399 707 449 765 sat
473 701 539 764 scio
564 705 595 763 ot
622 704 781 762 monstrat
803 696 881 764 haec
911 719 997 764 nova
1013 698 1110 766 libelli
1139 703 1312 772 Philostra-

117 802 160 868 tei
182 801 290 867 editio.
339 802 458 869 Taedet
492 804 643 889 pigetque
666 810 794 868 acutam
819 802 927 869 barole
949 813 981 869 et
1005 803 1206 889 ingeniosam
1234 827 1309 893 gen.

115 912 182 972 tem
205 915 237 972 et
263 927 361 972 unam
383 909 528 974 omnium
554 908 816 973 venustissimam
840 916 873 974 ot
896 906 1170 993 elegantissimam
1197 912 1231 976 in
1257 912 1309 979 bis

76 1011 318 1095 ‘potissimum
355 1013 473 1080 studiis
511 1016 726 1095 ἀσχημονεῖν,
762 1013 793 1076 in
830 1011 948 1097 quibus
980 1032 1117 1079 acumen
1152 1023 1184 1081 ct
1221 1017 1308 1102 inge·

114 1116 228 1193 niu-m,
261 1125 413 1182 venustas
444 1126 477 1183 ct
502 1117 661 1203 elegantia
698 1137 780 1203 prae·
809 1116 943 1202 reliquis
979 1117 1128 1184 omnibus
1164 1120 1307 1206 exsplen-

114 1219 257 1289 desoant.
304 1221 398 1288 Doleo
422 1222 602 1309 lepidorum
630 1222 798 1288 bominum
823 1221 945 1300 viceor,
978 1223 1033 1308 qni
1059 1225 1136 1308 quia
1160 1244 1178 1289 a
1205 1225 1307 1294 solida

113 1326 327 1410 grammatica
348 1326 531 1393 eruditione
555 1335 632 1393 suut
653 1327 878 1412 imparatiores
906 1326 1136 1393 absurdissima
1160 1350 1306 1418 quaeque

114 1429 267 1497 devorare
289 1439 321 1496 ct
341 1451 558 1516 concoquere,
584 1451 680 1497 sensu
703 1431 814 1497 vacuis
839 1429 970 1496 nitendo
1003 1431 1143 1517 aliquem
1166 1433 1304 1502 colorem

113 1536 281 1621 reperirer
307 1534 485 1601 obtundere
517 1535 579 1600 sibi
603 1555 720 1601 sanam
747 1534 905 1600 rationem
936 1544 966 1601 et
999 1536 1119 1602 iudicio
1152 1559 1212 1605 suo
1236 1541 1304 1608 vim

113 1639 233 1707 inlerre
257 1649 430 1726 eoguntur.
478 1639 667 1706 subirascor
691 1639 745 1706 ubi
767 1639 912 1724 linguam
944 1639 1096 1708 Gallicam
1124 1651 1189 1710 tarn
1222 1645 1303 1711 luci-

113 1743 244 1811 damet
268 1745 474 1832 perspicuam
499 1753 531 1811 et
564 1765 696 1824 sanam,
732 1753 768 1810 ut
789 1745 887 1810 citius
911 1765 1006 1829 quam
1038 1754 1186 1814 caeterae
1211 1749 1302 1835 quid·

16 1883 19 1888 ·
113 1849 192 1936 quid
215 1850 258 1916 sit
282 1849 437 1916 absonum
462 1857 494 1915 et
514 1849 598 1917 male
619 1850 797 1935 cogitatum
821 1859 937 1934 arguat
971 1861 1184 1938 remeatque,
1211 1855 1302 1922 video

111 1956 255 2040 pervim
291 1954 527 2021 accommodari
560 1953 738 2021 referendis
768 1957 865 2040 nugis
886 1964 918 2021 et
947 1954 1189 2037 deliramentis5
1218 1979 1302 2044 quae

112 2061 238 2146 antiqui
262 2061 431 2147 scriptoris
454 2060 647 2127 temerarius
671 2059 881 2145 interpolator
904 2061 983 2125 viris
1013 2071 1140 2128 caetera
1164 2064 1301 2130 eruditis

112 2163 157 2230 nil
182 2164 258 2230 mali
290 2165 530 2253 suspicantibus
560 2185 618 2251 pro
650 2165 800 2250 genuinis
835 2165 1048 2250 Antiquitatis
1081 2170 1300 2235 monumentis

111 2269 339 2337 venditaverit..

157 2373 221 2440 Sed
244 2382 371 2460 tempus
393 2382 462 2449 est,
493 2395 533 2441 ne
560 2373 724 2440 nonnullis
746 2382 802 2442 aut
836 2375 946 2442 acrius
978 2376 1212 2462 reprehendere
1242 2388 1299 2446 aut

111 2477 150 2545 de
174 2480 302 2565 magnis
334 2480 455 2546 maiora
486 2479 574 2567 loqui
599 2480 729 2559 videar,
754 2489 791 2546 ut
816 2480 894 2547 haec
919 2482 1026 2546 omnia
1051 2483 1205 2569 exemplis
1228 2487 1298 2569 qui·

110 2583 245 2652 busdam
267 2585 485 2652 demonstrem
510 2594 541 2651 et
571 2586 709 2652 vincam.
758 2586 907 2653 Delibabo
931 2587 1074 2672 primum
1099 2586 1184 2654 locos
1205 2609 1297 2674 quos·

110 2687 183 2754 dam
209 2709 280 2756 meo
314 2689 620 2784 arbitratudeinde
653 2689 778 2778 reliqua
810 2691 923 2758 ordine
956 2691 1104 2777 deinceps
1128 2712 1297 2779 recognos-

109 2813 191 2860 carn.

153 2899 191 2965 ln
214 2899 313 2967 libelli
337 2901 431 2966 initio
459 2922 531 2987 pag.
553 2906 583 2967 4.
608 2899 693 2966 Edit.
719 2899 867 2966 barcmb.
904 2899 1119 2967 Philostratus
1143 2921 1295 2989 gymnas·

106 3004 191 3071 ticae
215 3006 295 3072 artis
319 3014 386 3073 tres
414 3007 514 3073 veluti
540 3014 661 3073 aetates
685 3006 854 3091 constituit
878 3005 929 3071 bis
959 3003 1083 3070 verbis:
1109 3008 1126 3082 η’
1150 3008 1207 3085 μὲν
1231 3009 1294 3091 νάρ

106 3109 210 3177 τάλοον
233 3114 412 3192 ηυμνυςνκη
436 3113 586 3186 Μίλωνος
619 3111 712 3177 ἕντοίεν
736 3110 788 3177 uoti
811 3110 1035 3188 Ἱττοοθένεος,
1069 3112 1293 3194 Πουλυδάμοον-

105 3215 164 3290 τοὶς
195 3243 231 3283 τε
256 3218 308 3283 aab
336 3216 523 3300 Προμάχους
554 3217 606 3282 aori
631 3221 771 3283 stadam
796 3217 847 3282 τὸν
880 3216 1054 3296 Δημύλου,
1087 3218 1205 3302 quibus
1230 3240 1294 3286 nott

106 3321 278 3388 admodum
302 3321 473 3408 diligenter
497 3320 658 3387 fabulosae
682 3321 961 3388 aetatisatldetas
990 3321 1182 3390 adnumerat
1213 3323 1293 3390 »Pe-

106 3426 188 3492 lconc
213 3437 242 3492 ct
269 3426 420 3492 Tdcoconr
443 3435 472 3491 et
494 3427 596 3514 iprum
626 3425 830 3492 Herculem?
877 3427 956 3493 Nam
982 3435 1031 3493 est
1056 3428 1178 3514 aliquid
1206 3430 1293 3497 inter

105 3531 233 3597 illorum
256 3538 395 3596 aetatem
419 3539 451 3596 ct
476 3531 602 3597 lllilonis
626 3539 657 3597 et
680 3531 921 3622 Polydamantis
954 3552 1027 3598 oum
1053 3532 1231 3599 Promaobo
1260 3548 1293 3602 et

104 3635 216 3703 Glauci
247 3635 397 3724 Carystii.
454 3635 602 3703 Secunda
634 3641 763 3714 aelasa‘,
796 3638 849 3703 ἀντὶ
881 3642 940 3702 τῶν
970 3636 1126 3720 τοοτὲοον,
1163 3628 1290 3723 inquit,

104 3741 213 3819 ἥττους
236 3742 293 3821 μὲν
317 3737 378 3807 οἶδε
405 3743 593 3822 θαυμασίους
623 3741 654 3807 δὲ
678 3743 730 3809 κυνὶ
762 3743 937 3821 μεμνῆσθαι
972 3740 1088 3818 ἀξίους.
1137 3741 1292 3828 Sequitur

105 3848 201 3914 tertia
225 3855 257 3913 et
282 3846 455 3911 novissima
479 3853 587 3926 aetas,
620 3846 658 3912 de
682 3866 746 3932 qua
771 3848 815 3910 ita
847 3844 980 3911 scribit:
1018 3849 1034 3922 η
1068 3847 1098 3912 δὲ
1126 3853 1177 3913 νῦν
1201 3851 1291 3915 uada·

103 3961 215 4028 ςηκυῖοο
238 3951 484 4031 μεταβέβληκεν
508 3949 584 4018 οὕτω
609 3951 650 4017 τοὶ
686 3958 744 4016 τῶν
780 3951 919 4025 ἀθλητῶν
949 3954 988 4026 ἀς
1013 3953 1065 4019 κυνὶ
1100 3963 1163 4028 τοῖς
1197 3961 1289 4038 Φυλο-

101 4061 296 4137 γυμννοςοῦσν
320 4055 391 4128 τοὺς
412 4057 545 4129 πολλοὺς
570 4055 737 4136 taleolas,
771 4075 853 4143 quae
874 4056 1037 4144 Interpres
1057 4059 1102 4125 ita
1126 4057 1288 4126 reddidit:

103 4163 206 4228 »mais
227 4161 258 4227 la
278 4160 507 4249 gymnasiique
531 4159 667 4227 actuelle
689 4182 709 4227 a
733 4161 896 4228 tellement
928 4162 1054 4249 obangd
1089 4163 1135 4229 les
1161 4162 1289 4231 habitu·

103 4265 159 4333 des
183 4265 239 4333 des
262 4266 417 4342 athletos
443 4267 495 4352 ου’
518 4265 560 4331 ils
583 4276 673 4344 serat,
707 4289 788 4357 pour
812 4269 842 4334 ln
864 4266 1013 4352 ploport,
1037 4269 1108 4352 pris
1137 4288 1174 4332 cn
1202 4290 1288 4334 cocr-

102 4373 169 4438 oion
187 4393 248 4458 pur
278 4373 324 4438 les
348 4373 431 4439 oreis
461 4381 618 4438 omatcors
648 4373 703 4439 des
736 4372 889 4439 exercitos
919 4373 1187 4458 ppmnostiqocs.''
1233 4372 1290 4439 Vi-

102 4476 220 4548 dentur
254 4477 332 4548 haeo
365 4477 555 4550 satiabere
591 4477 785 4552 decurrere:
818 4475 873 4548 sed
898 4496 1002 4566 neque
1034 4480 1060 4546 οἱ
1089 4484 1287 4565 <praepopos-
