3270 5190
869 473 889 533 o

285 653 510 722 roborassent
547 644 613 711 »les
638 642 723 711 rrais
749 653 907 712 omoteurs
935 647 990 712 des
1021 646 1176 711 exercerer
1204 644 1474 732 ppmuostiques”

285 773 391 841 neque
415 751 517 817 ullum
545 749 722 817 discrimen
751 760 799 817 est
836 752 920 818 inter
953 755 978 817 oi
1009 752 1145 826 οὲθλντοθ
1169 759 1200 817 et
1222 754 1248 816 ci
1272 757 1473 835 φνλοννμνοο·

286 865 422 933 scirem.
471 857 568 922 Plane
587 854 692 921 'iidem
721 865 798 923 sunt
831 865 862 922 et
888 866 1023 942 utroque
1047 856 1176 921 nornine
1206 857 1390 942 promiscue
1420 877 1472 941 ap·

284 964 458 1051 pellantur.
508 963 619 1027 Risum
654 970 760 1027 movet
791 962 892 1046 igitur
917 982 1016 1049 quum
1041 961 1195 1027 dicuntur
1225 965 1250 1027 ol
1273 968 1472 1045 φνλοχομνοο-

285 1073 409 1142 ςοῦντες
435 1067 539 1132 odisse
557 1067 627 1140 τοὺς
649 1067 789 1142 deaurata
814 1066 852 1132 oh
874 1074 1059 1153 corruptam
1086 1066 1289 1152 disciplinam
1319 1077 1471 1133 r.eterem

285 1174 432 1260 Namque
463 1180 494 1237 et
519 1170 615 1237 iidem
651 1179 749 1250 sunt,
784 1181 815 1238 et
839 1173 966 1238 etiarnsi
996 1171 1114 1237 diversi
1150 1170 1287 1238 luissent
1312 1172 1355 1262 (id
1388 1171 1474 1290 quod

286 1298 350 1343 non
375 1277 458 1366 est),
482 1279 508 1342 oi
534 1282 864 1360 φνλοχνμνοοςοῢντες,
889 1277 934 1342 les
959 1277 1042 1342 orcis
1065 1285 1223 1342 omateuro
1242 1278 1296 1343 des
1320 1278 1475 1344 exercicer

285 1385 538 1470 ppnrooetiqum,
561 1391 742 1449 servassent
766 1390 904 1448 veterem
928 1381 1153 1468 disciplinam,
1188 1384 1283 1449 cuius
1308 1391 1472 1468 corrupto·

285 1508 338 1554 res
362 1490 432 1563 τοὺς
465 1487 605 1563 οὲθλντοὶς
630 1487 702 1553 odio
735 1487 1019 1573 persequebantur.
1068 1487 1137 1553 Una
1164 1478 1307 1554 litterula
1336 1490 1472 1553 oscitan-

285 1602 336 1660 ter
368 1593 452 1659 lecta
481 1592 622 1678 perdidit
651 1593 768 1656 omnia.
817 1592 884 1657 Non
913 1593 1067 1677 cogitarit
1097 1593 1209 1681 blynas
1239 1593 1371 1674 ἕχθομοον
1406 1612 1473 1657 rer·

285 1698 363 1763 hum
396 1716 466 1763 esse
495 1717 626 1782 prorsus
664 1716 682 1762 a
712 1694 897 1761 Philostrati
930 1706 1034 1762 aetate
1068 1706 1100 1763 et
1133 1718 1193 1763 usu
1230 1697 1382 1764 alienum.
1439 1696 1473 1763 Si

286 1804 359 1889 quis
394 1802 477 1867 volet
511 1801 658 1868 Codioem
685 1809 835 1867 accurate
866 1801 1042 1887 inspicere,
1072 1802 1188 1881 credo,
1220 1805 1377 1889 seriptum
1403 1823 1473 1869 esse

287 1906 426 1972 videbit:
461 1909 499 1979 ὥς
527 1907 579 1973 nat
599 1915 663 1981 τοῖς
685 1911 957 1990 praeponderabat
983 1908 1052 1980 τοὺς
1084 1909 1217 1981 πολλοὺς
1246 1906 1473 1989 ἄχθεσθοοι,

286 2011 371 2099 quod
395 2018 427 2077 et
461 2009 611 2097 loquendi
646 2031 725 2077 usus
749 2018 781 2077 et
804 2010 864 2076 loci
893 2013 1052 2078 sententia
1083 2013 1264 2097 requirunt.
1321 2011 1472 2078 Scribun-

285 2127 342 2183 tur
366 2124 473 2183 autem
499 2136 517 2182 a
542 2116 772 2205 tachygraphis
794 2139 843 2197 οοχ
867 2125 898 2182 et
921 2142 983 2200 εχ,
1009 2117 1277 2202 quemadmodum
1304 2119 1472 2197 etiarncy

286 2230 404 2303 ο1εχ,
436 2222 490 2287 illa
520 2221 623 2287 forma
657 2228 692 2287 ut
721 2220 761 2286 ab
792 2221 894 2287 oculis
921 2222 1093 2289 ineruditis
1125 2222 1265 2288 discerni
1301 2234 1472 2309 nequeant.

287 2328 340 2394 Sic
373 2329 493 2415 passim
518 2329 624 2410 ἐχείρο
655 2336 686 2393 et
716 2328 829 2409 ἀγείρω
862 2327 1127 2406 contunduntur,
1160 2329 1206 2393 sio
1238 2331 1474 2415 permiscentur

285 2436 372 2500 inter
397 2453 430 2498 se
451 2432 548 2514 θοχθος
572 2440 604 2497 et
628 2430 717 2512 ἔχθος
743 2438 853 2496 contra
877 2430 938 2496 loci
968 2435 1183 2511 sententiam,
1218 2442 1253 2499 ut
1282 2436 1315 2499 in
1346 2435 1473 2501 Hesiodi

285 2557 382 2605 versu
404 2536 488 2623 apud
511 2536 626 2602 Athen.
652 2557 681 2621 p.
706 2540 770 2601 418
795 2536 827 2601 C.

399 2637 471 2707 οἷον
496 2642 646 2715 Διώνυσος
671 2641 740 2706 δῶκ’
764 2639 890 2723 ἀνδράσι
914 2639 1029 2724 χάρμα
1053 2643 1106 2708 cul
1131 2641 1256 2725 ἔχθος,

286 2748 340 2814 oui
371 2745 469 2827 ἄχθος
500 2746 640 2812 reddidit
669 2745 839 2812 Ruhnken.
872 2747 975 2833 Epist.
1000 2748 1077 2813 Crit.
1111 2768 1140 2834 p.
1166 2753 1239 2814 115.
1286 2750 1366 2816 Male
1398 2752 1473 2816 reti-

285 2853 358 2918 nuit
390 2851 548 2938 Berghius
579 2852 613 2916 in
646 2851 869 2937 Aristophanis
904 2852 1037 2941 Lysistr.
1065 2855 1163 2918 1511.
1199 2854 1343 2940 ineptum
1379 2858 1473 2935 οὶνκο·

286 2959 390 3025 artior:
416 2959 551 3037 ἕχκονεῖν
576 2957 654 3043 quid
677 2958 720 3023 sit
748 2959 871 3023 scimus
895 2978 1027 3037 omnm,
1058 2960 1201 3038 οξχκονεῖν
1226 2959 1369 3026 eiusdem
1398 2959 1473 3025 lari·

286 3083 347 3128 nae
383 3069 432 3128 est
468 3071 564 3148 atquo
598 3061 741 3144 ἔχθεοθοοι
779 3063 863 3149 apud
899 3063 1143 3130 Philostratum.
1202 3064 1357 3131 Subiiciet
1395 3065 1474 3130 haec

287 3167 390 3234 oculis
413 3165 560 3232 fidelibus
584 3167 711 3232 Bestius
740 3169 772 3231 in
806 3167 985 3233 Gomnrent.
1011 3167 1173 3254 Palaeogr.
1211 3190 1239 3255 p.
1263 3174 1339 3235 744.
1388 3171 1474 3255 Ergo

288 3272 485 3339 confidenter
509 3270 684 3336 rescribes:
709 3273 748 3345 ὥς
776 3271 828 3336 cori
852 3279 915 3345 τοῖς
935 3278 1207 3352 <praeceptionem
1238 3275 1308 3347 τοὺς
1340 3274 1474 3348 πολλοὺς

286 3376 501 3460 ἄχθεοθοοο.
556 3374 700 3442 Athletas
734 3376 857 3462 igitur,
894 3396 973 3462 quos
1002 3375 1077 3441 olim
1108 3376 1287 3464 philosophi
1319 3378 1475 3458 oderant,

286 3489 325 3550 ut
347 3481 539 3570 Euripides:

469 3593 570 3653 noodr
593 3586 656 3669 γὰρ
680 3584 772 3652 ὄντων
794 3587 906 3669 μυρίων
930 3589 998 3653 καθ’
1021 3587 1165 3654 Ἑλλνὶδοο

469 3693 551 3758 οὐδὲν
575 3691 680 3758 κοὶκνθν
704 3693 765 3762 ἐςνν
789 3695 929 3768 ἀθλητῶν
952 3693 1057 3772 γένους
1082 3693 1147 3757 uri.

291 3799 385 3889 (quae
408 3797 481 3864 vide
512 3798 597 3884 apud
620 3797 774 3864 Galenum
800 3798 833 3862 in
859 3798 1017 3883 Protrept.
1051 3818 1079 3883 p.
1104 3801 1157 3862 51.
1194 3797 1285 3866 Will.
1317 3807 1349 3865 et
1381 3800 1474 3891 Athe-

287 3923 406 3970 naeum
444 3924 475 3990 p.
498 3903 611 3992 111),
649 3924 729 3988 quos
764 3903 897 3969 oderant
930 3902 1138 3988 Hippocrates
1171 3910 1202 3968 et
1237 3903 1353 3969 medici
1391 3904 1475 3994 (rid.

287 4007 413 4076 Willet.
438 4008 477 4073 ad
502 4007 613 4075 Galeri
638 4010 796 4094 Protrept.
822 4029 852 4095 p.
875 4007 971 4095 104),
996 4027 1075 4092 quos
1098 4007 1216 4074 milites
1241 4008 1374 4075 odorant
1399 4009 1476 4100 (vid.

288 4113 436 4179 Curtium
459 4113 512 4179 IX.
541 4119 570 4178 7.
603 4113 658 4178 ubi
688 4113 842 4179 athletam
866 4112 1027 4200 appellant
1060 4114 1179 4180 milites
1213 4114 1349 4201 supinati
1371 4136 1475 4201 corpo·

287 4220 334 4284 ris
361 4218 504 4284 inutilem
537 4217 708 4307 belluam),
741 4217 929 4285 Philostrati
961 4227 1066 4285 aetate
1097 4220 1195 4284 etiam
1227 4219 1344 4304 vulgus
1374 4220 1476 4286 horni-

287 4343 366 4388 num
403 4321 488 4389 ferre
523 4343 585 4388 non
622 4330 767 4409 poterat,
799 4321 851 4390 ccl
886 4327 912 4390 oi
945 4323 1052 4390 πολλοὶ
1089 4332 1152 4398 τοῖς
1187 4330 1476 4408 φνλοχνμννςοῦσνν

287 4429 426 4512 ἤχθοντο.

333 4531 491 4602 Admonet
523 4556 576 4603 me
606 4534 796 4604 vocabulum
830 4534 1038 4603 Homericum
1069 4537 1213 4620 θχθεοθοον
1245 4559 1300 4624 per
1333 4559 1475 4606 errorem
