3270 5190
794 426 835 488 55

223 594 259 658 δὲ
291 595 455 673 poponem
490 595 632 662 declarat
665 597 722 676 μέν
759 595 948 684 praecedere
983 597 1150 664 debuisse:
1186 595 1294 681 itaque
1326 589 1406 659 οὗτοι
1475 606 1477 609 ’

222 699 279 776 μέν
303 737 348 747 -
371 701 422 765 τὸν
450 700 481 764 δὲ
504 703 669 779 νυμναςνίν
700 709 749 767 sat
781 711 867 768 certa
900 713 985 769 sunt.
1033 700 1257 778 Ἐξετίςασύαι
1293 698 1407 765 reduxi

222 805 255 867 in
281 806 328 869 δεῖ
346 803 529 884 irrisorem,
555 808 706 891 quoniam
724 815 755 872 et
779 807 859 872 nihil
873 807 960 873 aliud
974 810 1016 873 sit
1040 816 1168 892 praeter
1188 806 1236 872 aar
1255 803 1340 869 unde
1356 806 1408 869 τὸν

222 909 430 988 cerveriam
443 930 634 995 suspensum
655 931 723 976 esse
746 913 906 997 potuerit,
931 922 962 977 et
976 912 1107 977 verbnm
1131 909 1322 988 ἕξετίςαμαι
1337 907 1407 972 nui·

221 1012 287 1077 turn
317 1013 368 1079 hic
388 1011 495 1080 locum
518 1015 641 1080 lrabeat.
691 1018 900 1101 Tragicorum
925 1023 973 1082 est
997 1016 1188 1095 ἑξετίταμοιι
1210 1035 1327 1100 ponere
1353 1033 1409 1099 pro

220 1119 397 1196 ἕτίςαμαι;
423 1120 556 1206 reliquis
586 1129 633 1186 est
658 1122 836 1186 memoriter
864 1121 963 1199 scire,
995 1131 1098 1186 tenore
1130 1121 1328 1197 memoriter,
1352 1127 1409 1183 aut

221 1223 304 1308 quod
330 1224 403 1310 quis
427 1225 576 1290 didicerit
596 1227 771 1310 percepisse
795 1246 831 1291 ao
856 1236 980 1299 tenere,
1006 1233 1108 1290 artem
1133 1227 1338 1311 potissimum
1360 1221 1409 1289 vel

221 1328 407 1393 artificium.
456 1329 548 1394 Iuvat
573 1329 672 1393 huius
705 1330 750 1393 rei
786 1329 851 1393 ὁδοῦ
882 1329 1035 1410 τύρερνον
1057 1329 1239 1414 exemplum
1275 1327 1408 1403 afferre,

221 1439 260 1497 ut
291 1453 327 1497 ex
363 1452 400 1496 eo
436 1433 587 1496 mendum
622 1434 770 1497 eximam.
827 1434 960 1518 Legitur
994 1433 1079 1520 apud
1115 1434 1314 1499 Athenaeum
1340 1433 1408 1498 xli.

223 1557 253 1620 p.
276 1540 352 1601 520.
376 1537 421 1601 F:
448 1538 549 1611 ἐπειδὴ
574 1540 591 1612 ἧ
616 1536 709 1618 μύχνρ
734 1541 902 1615 σννειςνίκει
926 1539 1085 1605 ἐκέλευσεν
1116 1542 1223 1607 αὐλεῖν
1246 1540 1289 1605 τοὶ
1314 1540 1409 1613 erind-

223 1664 337 1717 ματα,
372 1637 430 1706 ύσα
464 1643 489 1706 oi
517 1637 603 1706 i'rrrror
636 1649 694 1706 τῶν
726 1645 893 1723 Καρδιανῶν
931 1643 1202 1720 ἕξετιταίατο,
1240 1645 1304 1708 imo
1334 1662 1409 1707 vero

223 1742 425 1822 ἒξετιςέατο,
463 1753 496 1808 ut
527 1745 610 1829 apud
639 1746 831 1811 Herodotum
858 1768 983 1834 quoque
1013 1758 1158 1814 erratum
1183 1758 1232 1814 est
1265 1748 1339 1813 oiim
1365 1749 1407 1814 ΙΙ.

223 1854 277 1913 45.
326 1848 383 1913 Ubi
408 1851 508 1933 igitur
545 1849 621 1914 haec
654 1852 697 1914 ita
728 1854 957 1932 constitueris,
992 1852 1097 1939 palam
1130 1862 1177 1920 est
1212 1855 1298 1920 inter
1328 1851 1408 1919 οὗτοι

220 1953 278 2031 μέν
302 1961 333 2018 et
356 1955 422 2018 οὐδὲ
445 1956 471 2018 οἱ
502 1952 584 2031 νόμοι
609 1957 716 2038 σφίσιν
748 1957 819 2038 ὑπὲρ
854 1961 913 2023 τῶν
936 1960 1076 2044 τοιούτων
1102 1959 1300 2037 διαλέγονται
1326 1960 1408 2022 inse·

222 2057 357 2122 rendum
378 2077 447 2123 esse
472 2058 592 2144 aliquid
611 2060 642 2123 iu
666 2061 747 2126 hanc
771 2064 985 2128 sententiam:
1020 2063 1072 2126 »hi
1094 2062 1223 2147 quidem
1249 2063 1329 2127 seire
1348 2084 1408 2126 ooo

220 2164 363 2230 dederuut
390 2161 438 2228 vel
466 2163 513 2226 m'i
536 2173 646 2227 euram
676 2186 845 2249 quaerore,
880 2185 984 2251 neque
1006 2168 1046 2231 iis
1070 2165 1245 2252 quidquam
1271 2166 1309 2230 de
1340 2166 1408 2231 tali-

222 2269 281 2333 hus
312 2268 398 2352 leges
427 2269 663 2353 praecipiunt.”
721 2268 868 2354 Suppieri
892 2271 995 2354 igitur
1022 2271 1188 2336 commode
1221 2277 1323 2356 potest
1358 2269 1407 2335 vel

220 2371 300 2439 ούτοι
325 2373 380 2450 μὲν
404 2374 610 2455 φροντίζουσιν
645 2374 750 2460 οὐδέν,
789 2372 838 2439 vel
873 2371 953 2441 edroi
983 2376 1039 2452 μὲν
1071 2377 1153 2443 οὐδὲν
1185 2392 1407 2457 τολυπραρμο·

219 2485 334 2554 νοῦσιν,
372 2476 419 2541 vel
453 2474 532 2543 οὗτοι
564 2479 621 2556 μὲν
653 2479 735 2542 οὐδὲν
770 2479 1071 2559 πραγματεύονται,
1108 2481 1157 2546 vel
1194 2480 1304 2545 multis
1336 2481 1408 2546 aliis

221 2573 335 2650 modis.
391 2581 494 2646 Codex
528 2581 614 2648 solus
650 2603 668 2649 a
702 2583 803 2668 perito
836 2584 954 2649 Critieo
988 2587 1153 2670 inspectus
1188 2588 1306 2671 poterit
1339 2589 1408 2672 ipsa

220 2690 317 2755 verba
341 2686 564 2772 suppeditare;
589 2686 627 2752 de
648 2690 806 2753 sententia
829 2687 1001 2754 verborum
1026 2692 1123 2755 ctiam
1148 2709 1186 2755 ex
1218 2691 1345 2754 miseris
1370 2691 1407 2754 ii-

220 2795 260 2860 iis
279 2794 406 2858 laciniis
430 2791 509 2856 satis
530 2799 678 2858 cerastare
700 2793 849 2858 arbitror.

267 2901 502 2981 Recognoscarn
530 2917 614 2962 nunc
638 2897 750 2962 ordine
774 2896 914 2982 reliquos
937 2897 1021 2962 locos
1049 2916 1175 2974 ornneS,
1200 2899 1406 2983 quiquidem

220 3004 300 3070 mihi
324 3004 431 3087 aliqua
457 3001 525 3066 labe
549 3001 655 3067 affecti
678 3023 747 3068 esse
771 3002 930 3081 videntur.

267 3110 405 3192 Pupp&
439 3113 478 3171 4:
515 3107 612 3189 σοφία
643 3109 674 3172 δὲ
702 3107 754 3172 καὶ
782 3110 817 3174 τὸ
844 3115 999 3185 κοσμῆσαι
1031 3109 1235 3189 ςρατείαν,
1272 3108 1415 3173 emenda.

219 3212 360 3295 sperarim
410 3211 550 3276 Venusto
574 3212 620 3275 sic
640 3221 672 3277 et
694 3215 850 3299 exquisite
873 3216 928 3290 τὴν
950 3216 1101 3290 τακτικύν
1125 3213 1304 3300 appellavit.
1330 3225 1405 3279 Κοσ·

219 3328 291 3398 μεῖν
324 3318 409 3382 enim
445 3315 521 3380 olim
552 3316 678 3382 τιίττειν
714 3319 937 3402 significabat,
970 3327 1005 3384 ut
1038 3320 1157 3404 passim
1180 3320 1264 3406 apud
1290 3320 1404 3385 Home-

219 3443 311 3490 rum:

357 3535 563 3604 κοσμῆσαι
585 3522 694 3597 ίτιτοος
717 3553 752 3592 τε
777 3527 829 3592 καὶ
853 3526 963 3608 ἀνέρας
986 3528 1192 3605 ἀσπιδιώτας,

221 3631 306 3698 unde
327 3634 495 3711 κοσμήτορε
523 3638 605 3703 λαῶν
634 3630 788 3696 dicuntur
811 3632 1035 3716 imperatores,
1069 3634 1124 3716 qui
1149 3653 1249 3718 quum
1274 3636 1309 3700 τὸ
1333 3635 1404 3715 τροί-

219 3761 343 3815 τενμα,
367 3735 482 3813 credo,
507 3735 678 3814 ericaeum,
702 3757 764 3801 non
783 3739 836 3813 τὴν
860 3737 1024 3817 ςρατείαν,
1048 3735 1204 3802 habemus
1223 3739 1403 3824 pervulgati

220 3841 340 3907 erroris
362 3860 479 3905 novum
501 3842 694 3927 exemplum.
1385 3918 1387 3922 ¹

265 3947 341 4010 Post
377 3965 477 4030 pauca
512 3946 724 4031 supplendum
755 3965 800 4011 vs.
824 3951 861 4012 9:
897 3945 1003 4028 ἐξαιρῶ
1040 3947 1084 4034 (δὲ
1116 3947 1183 4033 καί)
1216 3950 1402 4030 κυβερνήτην

218 4057 278 4116 τῶν
301 4052 479 4130 βαναύσων.

258 4156 339 4251 (Peg.
365 4160 402 4231 4,
430 4159 491 4221 12:
525 4157 608 4221 δοκεῖ
628 4156 659 4222 δέ
687 4179 738 4234 μοι
758 4194 804 4205 -
823 4158 1081 4236 ατολορύσασύαι
1105 4159 1178 4239 ὑπὲρ
1203 4167 1258 4233 τῆς
1282 4158 1404 4239 Φύσεως
1498 4177 1502 4181 ·

218 4249 385 4335 οὶαονούσνρς
408 4267 530 4338 κακῶς,
554 4263 657 4336 ἐπειδὴ
681 4261 767 4341 νεαροὶ
798 4264 875 4327 πολὺ
898 4271 957 4328 τῶν
989 4263 1091 4328 oreiam
1121 4265 1146 4327 oi
1179 4268 1228 4327 νῦν
1257 4264 1402 4338 aidemari.

219 4365 254 4430 ln
282 4365 333 4430 his
363 4364 494 4431 verbum
531 4368 747 4432 necessarium
779 4366 946 4445 desidero,
979 4368 1062 4452 quod
1094 4370 1141 4433 sic
1166 4368 1402 4432 revocaverim:

219 4470 305 4551 ταροὶ
326 4472 406 4536 moad
433 4471 610 4561 (ἡττῶνται)
635 4479 693 4538 τῶν
717 4471 819 4539 τοίλαι
848 4474 873 4538 οἱ
894 4476 945 4539 νύν
970 4472 1113 4547 οὶύοινταί.
1161 4470 1229 4536 Non
1254 4471 1331 4536 satis
1354 4479 1404 4546 est

1133 4582 1145 4621 3
1159 4577 1171 4608 Ψ
