3270 5190
898 441 938 500 76

323 615 415 680 ε’ἴισοιι
447 615 509 696 ρὺρ
542 613 589 679 δεῖ
613 612 656 679 τὺ
686 611 813 679 ποιλοιιὺ
836 650 881 660 —-
905 610 972 691 περὶ
1004 619 1059 686 τής
1092 610 1198 683 θέσεως
1231 613 1284 674 τοῦ
1310 610 1427 686 ἀγῶνος
1452 613 1512 674 τῶν

323 721 380 798 μὲν
403 717 456 785 ἕνον
478 724 536 783 τῶν
555 718 671 785 'llatae
692 718 851 784 δσικτὺλων
875 714 1034 797 Ἦροικλεόι
1057 715 1210 794 λεγόντων
1234 712 1416 794 ἀρχηγέτην
1443 711 1513 778 τοὺ·

323 849 402 900 των,
426 823 536 890 τῶνδὲ
558 824 608 889 τδν
630 823 809 901 Ἀλκμήνης
832 821 884 888 nol
907 820 1001 898 Διός,
1026 817 1056 886 ὃν
1078 820 1130 885 cal
1154 820 1366 897 ὑγωνίσοισήκι
1396 823 1513 898 πρῶτον

323 928 375 993 ool
397 937 537 1004 νικήσοιι·
564 928 607 992 τοδ
631 926 695 1006 γὺρ
725 932 856 992 τσιωὺτοι
880 928 1053 1009 πολλσιχῶς
1072 925 1205 1004 λέγεται
1236 925 1304 991 cal
1331 926 1370 990 οὐ
1404 922 1512 988 πήνν

324 1035 555 1104 πιςεὺετοιι.

369 1139 427 1204 Est
457 1135 579 1223 aliquid
611 1135 697 1200 inter
729 1134 896 1202 Strabonis
918 1155 1032 1202 sanum
1056 1145 1087 1202 et
1117 1134 1259 1201 solirium
1295 1132 1450 1200 iudicium
1480 1141 1513 1199 et

325 1243 492 1329 Sophislae
522 1241 706 1317 levitatem,
741 1242 796 1326 qui
832 1262 894 1306 non
927 1250 1052 1306 lantum
1086 1241 1255 1306 Herculem
1289 1237 1426 1305 credidit
1453 1242 1512 1303 τῶν

325 1350 354 1413 ἐν
377 1347 544 1430 Ὀλυμπίᾳ
579 1343 787 1426 κηρυγμάτων
820 1350 1000 1428 ἐρωσήήνοοι,
1035 1345 1090 1412 sed
1114 1343 1203 1411 lices
1226 1346 1311 1431 ipsos
1337 1343 1375 1408 de
1407 1342 1513 1428 palma

325 1451 492 1541 Olympico
521 1449 723 1516 contendisse
749 1461 859 1517 narrat
894 1473 924 1538 p.
951 1456 1012 1529 λδ,
1039 1453 1100 1517 12:
1134 1451 1268 1533 ςέφοινον
1292 1452 1322 1516 δὲ
1346 1449 1513 1515 Ἀπόλλω-

325 1582 370 1631 νος
396 1558 412 1634 ή
434 1556 636 1632 Ποσειδῶνος,
663 1557 735 1637 ὑπὲρ
757 1553 791 1621 οὑ
818 1558 870 1622 nal
894 1560 980 1623 ωὑτοὶ
1003 1558 1028 1621 οἱ
1053 1554 1109 1621 θεοὶ
1134 1557 1222 1634 μέρος
1244 1557 1396 1632 ήήλησοιν,
1421 1553 1513 1620 ὑδεικ

324 1664 380 1742 μὲν
398 1662 611 1737 ὑποδίδοσήκι,
635 1658 724 1726 ὑδειοι
745 1661 776 1727 δὲ
797 1662 952 1737 dosiades,
976 1669 1106 1725 secutus
1126 1670 1249 1726 veteres
1270 1660 1411 1738 labnlaS,
1434 1679 1512 1743 qua·

325 1766 370 1834 les
405 1766 534 1850 collegit
567 1767 741 1831 Pausanias
766 1766 804 1833 V.
831 1787 884 1832 vn.
911 1772 974 1842 10,
1004 1785 1141 1850 qrrnrurn
1168 1766 1364 1851 lepidissima
1387 1774 1436 1830 est
1460 1769 1512 1831 τδν

325 1871 388 1937 Δίου
411 1879 570 1937 ποιλκῖσοιι
593 1872 624 1935 ε’ν
647 1870 814 1954 Ὀλυμπίᾳ
838 1874 880 1952 τῷ
903 1870 1000 1953 Κρόνῳ
1025 1871 1168 1954 περὶτῆς
1192 1874 1304 1953 ἀρχῆς.

371 1976 475 2042 lledeo
499 1975 537 2040 acl
570 1975 697 2053 locum,
729 1996 824 2061 quem
850 1996 948 2062 snpra
971 1977 1065 2060 attigi
1092 1984 1232 2041 tanturn.
1281 1977 1413 2060 Legitur
1438 1995 1511 2061 pag.

326 2086 367 2146 44
381 2131 389 2161 ‚
417 2085 455 2147 2:
489 2080 581 2146 τοιυτὶ
606 2081 669 2162 ydor
693 2081 735 2145 τὺι
758 2085 921 2161 νοσήριοιτσι
949 2082 1001 2147 nul
1026 2080 1253 2162 ξυνυποικουρεῖ
1281 2104 1356 2146 ποτε
1387 2090 1426 2163 σή
1450 2082 1512 2163 φή·

325 2209 390 2251 σει·
416 2185 467 2250 κσὺ
494 2187 604 2252 πκιδήοι
630 2187 687 2264 μὲν
709 2186 782 2252 ὄντος
801 2190 930 2269 ὑφοινὺς
957 2187 1138 2263 ὑποδέδυκε,
1162 2188 1344 2265 μετκβυλήν
1367 2185 1511 2266 ἴσχοντος

324 2295 377 2357 τοῦ
402 2290 536 2370 οιῖροοιτος
560 2293 590 2356 ἕν
613 2300 685 2363 τοιῖς
710 2299 765 2367 τής
789 2293 911 2366 ἡλικίης
932 2301 1073 2374 τροπσιῖς.
1124 2291 1329 2357 Manifestum
1353 2300 1401 2356 est
1426 2293 1513 2355 inter

325 2397 488 2462 duellione
512 2403 543 2462 et
567 2397 750 2475 μεταβολήν
782 2397 985 2463 intercidisse
1017 2394 1191 2472 nonnulla,
1226 2417 1307 2481 quae
1340 2396 1452 2483 lllynas
1479 2396 1511 2459 in

323 2505 496 2568 temerario
519 2499 741 2584 supplemento
764 2500 902 2586 explevit
935 2502 973 2567 de
998 2522 1055 2567 suo
1080 2501 1112 2565 in
1136 2500 1222 2566 huno
1254 2501 1405 2566 modum:
1430 2505 1512 2581 προϊ·

324 2607 414 2672 όντων
447 2606 477 2670 δὲ
507 2606 537 2677 ἐς
568 2605 704 2686 ἐφήβους
737 2606 788 2671 nol
821 2607 1032 2685 μεήιςοιμὲνων
1067 2608 1097 2677 ἐς
1130 2604 1241 2687 ὑνδροις
1274 2606 1326 2672 nal
1359 2605 1511 2680 ὑπιοὺσης

324 2713 429 2791 ἄκρης
453 2710 533 2785 δήλη
569 2711 621 2775 ccl
646 2712 768 2794 φοινιροδ
799 2713 957 2790 νίννετκι.
1006 2710 1138 2790 Quaerit
1162 2711 1201 2776 ad
1227 2710 1304 2776 haec
1337 2710 1450 2775 Editor
1478 2711 1512 2774 iu

324 2814 423 2902 prael.
450 2836 480 2901 p.
504 2836 566 2880 rvr.
604 2815 669 2882 »les
691 2827 773 2882 rnots
803 2815 926 2902 ajoutds
955 2836 1012 2902 par
1037 2817 1077 2881 Μ.
1102 2817 1214 2903 llynas
1238 2816 1317 2880 dans
1341 2835 1398 2880 son
1424 2823 1512 2879 texte

325 2922 452 3015 sont-ils
485 2921 557 2987 liien
585 2921 624 2986 de
650 2922 899 2989 Plrilostrate?’'
946 2920 992 2988 Ne
1025 2941 1125 2986 unum
1152 2921 1280 3005 quidem
1313 2941 1351 2986 ex
1384 2919 1434 2984 his
1460 2941 1513 2984 vo-

325 3027 475 3093 calonlum
500 3047 517 3092 e
539 3025 653 3092 Codice
677 3047 823 3094 manasse
856 3026 1061 3096 crediderim.
1109 3025 1196 3091 Nihil
1228 3046 1359 3113 prorsus
1392 3024 1509 3091 horum

325 3131 420 3196 habet
453 3131 590 3196 colorem
619 3131 776 3198 Graecum
812 3140 867 3198 aut
896 3131 994 3198 relert
1024 3131 1193 3217 antiquum
1230 3130 1357 3196 dicendi
1386 3150 1511 3215 genus:

325 3255 428 3320 neque
458 3236 589 3317 προϊένοοι
624 3239 654 3309 ἐς
679 3239 835 3318 ἐφήβους,
871 3246 974 3322 ne‘que
1005 3239 1187 3315 μεήίςσισθοιι
1212 3239 1242 3308 ἐς
1267 3235 1376 3318 ὑυδρκς
1407 3255 1512 3320 neque

324 3339 474 3413 ὑπισὺσης
508 3342 623 3419 ἀκμῆς.
678 3341 777 3406 Nemo
812 3346 964 3428 tamquam
995 3343 1149 3407 Veterum
1184 3343 1264 3416 δῆλον
1304 3342 1356 3408 nal
1387 3341 1512 3424 Φοινερσὺ

325 3444 504 3510 coniunxit.
552 3446 636 3511 llaec
667 3446 775 3511 omnia
812 3446 975 3532 supposita
1000 3457 1031 3513 et
1061 3449 1285 3518 commenticia
1310 3466 1379 3512 esse
1405 3447 1513 3535 (utet

326 3550 393 3636 ipse
418 3550 463 3613 ita
483 3549 608 3638 loquar)
634 3551 723 3626 δῆλον
747 3553 792 3621 ε’ςι
813 3553 865 3617 aul
889 3553 1030 3636 φοονερόν.
1081 3557 1248 3618 Praeterea
1279 3573 1340 3617 non
1373 3553 1436 3616 tres
1461 3572 1512 3617 ae·

325 3660 408 3719 tates
432 3657 653 3721 nominaverat
677 3657 912 3737 PhilostratuS,
948 3658 1065 3743 quibus
1090 3657 1142 3723 illa
1176 3659 1320 3742 ingenita
1350 3656 1434 3721 mala
1460 3657 1512 3722 de-

326 3760 436 3844 inceps
460 3770 650 3846 ernmpant,
681 3762 737 3827 sed
762 3783 869 3829 unam.
918 3764 1000 3844 Quid
1025 3766 1110 3829 onim
1144 3763 1183 3827 ad
1208 3773 1411 3850 gymnasiam
1436 3763 1511 3828 atti·

326 3874 380 3931 net
412 3865 466 3929 illa
494 3875 581 3931 aetas
613 3864 687 3933 δ’τοιν
716 3870 846 3953 ἑπιλίπη
876 3873 892 3945 l
921 3869 1034 3948 οὶκμήῖ
1084 3867 1249 3954 Suppleliit
1282 3867 1430 3934 lacunam
1457 3868 1512 3932 cui

325 3969 449 4034 Codicis
472 3969 663 4057 inspiciendi
686 3974 776 4058 copia
807 3973 978 4060 aliquando
1002 3976 1075 4040 erit.
1123 3973 1280 4058 Equidem
1309 3974 1388 4037 satis
1410 3971 1512 4038 habeo

324 4072 477 4140 mendum
503 4077 644 4143 eximere
668 4098 706 4143 ex
731 4079 770 4142 iis
795 4100 876 4165 quae
900 4080 1116 4167 praecedunt:
1141 4078 1193 4146 κοιδ
1221 4079 1330 4144 ποιιδίοι
1354 4079 1411 4157 μὲν
1435 4077 1512 4143 daeo

324 4182 453 4262 ὑφκνὺς
478 4180 650 4248 ὑποδέδυκε.
687 4183 749 4248 Res
775 4184 843 4270 ipsa
867 4184 1003 4252 clamat:
1027 4187 1069 4252 τὺ
1094 4187 1255 4264 νοσήμσιτσι
1279 4188 1386 4248 canae
1409 4184 1511 4266 ὑφω-

324 4292 394 4359 νῶς
431 4287 654 4354 ὑποδέδυκε
684 4308 748 4353 non
781 4290 982 4374 significare:
1016 4311 1088 4357 »ces
1120 4289 1274 4356 maladics
1299 4311 1330 4353 sc
1366 4299 1433 4353 sont
1463 4289 1511 4353 io·

324 4390 472 4456 erodentes
490 4392 569 4461 dans
593 4394 622 4460 le
643 4415 736 4481 corps
761 4393 816 4460 des
840 4394 966 4461 eulanls
986 4417 1059 4461 sono
1080 4398 1172 4484 qo'on
1196 4398 1259 4462 s’en
1280 4395 1337 4462 soit
1361 4395 1511 4482 σρσνριο.”

324 4496 557 4564 Ὗποδεδυκένοιι
591 4507 640 4565 est
668 4501 701 4566 οἰι
731 4501 847 4567 ‹rcccrlto
881 4502 996 4579 lutere,
1033 4502 1229 4579 delitescere,
1266 4499 1366 4567 donec
1402 4519 1512 4566 erum·
