3270 5190
162 1938 318 2006 Minoidos
343 1936 477 2025 llynaS,
509 1936 604 2004 homo
626 1937 789 2016 Graccus,
823 1945 897 2005 ante
920 1938 978 2006 hos
1003 1960 1121 2027 paucos
1143 1959 1244 2007 annos
1267 1960 1308 2008 ex

118 2043 218 2112 Gallia
241 2042 369 2130 publice
391 2044 425 2108 in
449 2041 617 2108 Graeciam
652 2043 771 2109 missus
796 2051 832 2108 ut
861 2032 1006 2132 undique
1037 2049 1232 2132 scriptorum
1256 2067 1307 2112 ve-

117 2157 224 2216 terum
249 2147 381 2214 Codices
404 2148 478 2214 diss.
504 2147 671 2232 indagaret
702 2149 785 2213 etsi
809 2147 887 2232 quid
910 2151 1082 2235 reperisset
1106 2159 1163 2217 aut
1186 2161 1309 2218 emeret

119 2263 176 2321 aut
199 2253 415 2331 describeret,
449 2273 488 2320 ex
513 2273 550 2319 eo
574 2253 691 2319 itinere
719 2259 752 2319 et
775 2252 839 2318 alia
869 2255 982 2321 retulit
1004 2265 1037 2323 et
1065 2256 1251 2323 Philostrati
1272 2256 1307 2321 li·

117 2360 214 2427 hrum
239 2380 335 2446 quem
360 2359 428 2446 ipse
452 2359 497 2424 ita
521 2357 696 2425 describit:

165 2464 400 2542 »Philostrate,
434 2484 490 2529 sur
520 2464 604 2529 l'Art
626 2464 856 2550 ppmncstiqnc.
904 2465 946 2531 Ce
977 2466 1096 2546 traite,
1120 2468 1198 2534 dont
1221 2467 1308 2554 quel-

119 2591 198 2658 ques
222 2569 400 2650 lragments
425 2571 576 2636 riennent
602 2570 705 2637 d’etre
729 2568 854 2655 publies
876 2571 894 2636 e
916 2570 1063 2657 Leipzich
1085 2592 1143 2658 par
1161 2574 1201 2639 M.
1225 2574 1308 2662 llay·

119 2697 192 2756 ser,
224 2678 364 2743 consiste
388 2697 428 2742 cn
452 2697 495 2742 un
525 2676 704 2741 manuscrit
735 2677 768 2740 in
794 2679 842 2741 4⁰.
868 2675 907 2742 de
932 2680 975 2743 bo
1000 2697 1120 2763 peges,
1155 2679 1238 2744 ecrit
1268 2698 1307 2745 en

119 2782 302 2849 caracteres
325 2783 530 2856 tres-serrem
564 2800 640 2847 avec
663 2800 700 2847 ce
725 2781 780 2866 qui
805 2781 872 2845 suit
903 2789 935 2846 et
958 2801 995 2847 ce
1019 2783 1076 2866 qui
1101 2782 1259 2867 precede,
1286 2783 1309 2848 il

119 2885 221 2952 forme
245 2906 284 2952 cn
307 2894 376 2952 tout
401 2890 444 2952 32
469 2905 566 2972 pagos
588 2893 619 2950 et
644 2893 693 2950 est
715 2884 819 2950 divise
848 2904 887 2950 en
909 2884 994 2950 deux
1017 2885 1143 2952 cahiers
1167 2907 1230 2972 que
1249 2887 1309 2972 J’ai

120 2992 237 3057 sauves
269 2990 308 3057 de
340 2991 371 3057 la
406 2992 602 3078 pourritnre
650 2989 692 3055 Ce
715 2989 771 3074 qui
797 2988 934 3076 precede
968 2999 1018 3055 est
1051 3010 1114 3056 nne
1136 2993 1240 3077 partie
1264 2992 1309 3058 du

120 3096 268 3182 dialogue
291 3096 330 3163 de
351 3097 492 3164 Phoenix
515 3105 547 3162 et
572 3093 772 3181 d’hmpelinn
785 3114 794 3171 ;
826 3113 863 3160 ce
887 3094 943 3179 qui
970 3094 1036 3161 suit
1059 3105 1109 3162 est
1135 3096 1247 3164 relatil
1266 3118 1309 3165 au

120 3202 193 3270 stile
213 3201 431 3290 epistolaire.’'

597 3307 773 3396 (lloniteur
796 3304 841 3373 du
866 3311 885 3372 5
906 3306 1038 3374 lanvier
1061 3306 1172 3396 tort).

165 3520 368 3605 Quamquam
394 3517 471 3585 fides
495 3517 658 3595 hominis,
684 3525 721 3584 ut
746 3518 857 3584 statim
881 3519 1069 3605 apparebit,
1094 3519 1236 3588 sublesta
1256 3523 1309 3589 ad·

120 3626 251 3697 modum
284 3634 332 3692 est
363 3645 401 3690 ac
435 3643 532 3711 prope
568 3623 773 3702 Simonidea,
810 3643 1006 3709 quamquam
1031 3644 1125 3690 nemo
1153 3647 1310 3712 umquam

120 3732 211 3798 illum
234 3730 383 3797 Codicem
417 3729 518 3796 oculis
542 3732 611 3796 suis
642 3729 833 3815 usurpavit,
866 3737 974 3795 tamen
1003 3729 1091 3795 nulla
1115 3740 1164 3796 est
1186 3732 1309 3799 dubita-

119 3837 166 3904 tio
189 3839 267 3923 quin
292 3838 405 3924 Mynas
426 3843 566 3902 veterem
589 3834 707 3901 librum
729 3835 787 3900 hls.
814 3835 847 3898 in
870 3853 932 3918 quo
953 3833 1007 3900 illa
1031 3855 1113 3920 quac
1133 3834 1211 3905 dicit
1236 3859 1309 3905 con-

119 3943 286 4009 tineantur
310 3942 472 4008 incertum
496 3961 559 4028 quo
579 3940 647 4006 loco
668 3946 833 4025 repertum
857 3939 947 4028 (narn
980 3940 1014 4005 in
1038 3961 1076 4007 eo
1099 3963 1225 4031 quoque
1248 3946 1310 4011 sibi

119 4049 188 4134 ipse
212 4066 274 4112 non
302 4046 440 4135 constat)
478 4068 517 4113 ex
541 4046 596 4112 illo
630 4045 747 4111 itinere
780 4065 893 4112 secum
922 4047 956 4111 in
985 4047 1119 4114 Galliam
1150 4050 1308 4117 attulerit.

122 4153 207 4220 Satis
230 4152 311 4218 rnihi
332 4152 461 4240 quidem
483 4152 523 4218 de
544 4172 581 4217 ea
608 4171 643 4218 re
670 4157 798 4217 constat
817 4158 850 4218 et
871 4171 909 4217 ex
941 4151 1024 4218 bona
1058 4162 1149 4239 parte
1179 4173 1311 4232 eorum,

116 4279 177 4325 nac
200 4279 239 4325 ex
268 4259 321 4323 illo
351 4258 467 4324 Grndice
498 4257 585 4324 edita
620 4266 721 4334 sunt,
762 4276 845 4343 quae
880 4255 921 4321 ab
950 4256 1020 4343 ipso
1053 4257 1247 4343 Philostrato
1275 4261 1310 4325 in

120 4364 235 4452 qibello
258 4365 325 4447 περὶ
352 4372 547 4444 Γυμνιιςικῆς
572 4365 693 4450 scripta
715 4383 785 4430 esse
809 4361 881 4429 luce
909 4361 1028 4429 clarius
1052 4371 1119 4440 est,
1152 4371 1183 4430 ct
1209 4384 1247 4431 ex
1272 4365 1313 4432 iis

118 4469 210 4559 lipsis
234 4491 316 4558 quae
340 4469 452 4560 Mynas
476 4469 569 4537 horno
592 4468 790 4540 semidoctus
813 4467 851 4537 de
874 4477 1066 4557 argumento
1095 4468 1170 4538 libri
1191 4470 1314 4540 retulit.

1077 4581 1089 4622 t
