3270 5190
680 448 718 508 61

113 637 144 703 p.
161 618 236 707 40):
264 615 373 706 (ἕνίκοο)
400 615 504 692 adnuo
529 619 756 696 Ἀμντίνοος
781 626 949 699 Βοοοκοοῖος,
973 615 1004 690 ὃς
1024 620 1177 700 βουκολῶν
1199 623 1299 704 canipe

114 721 307 805 ἐγυμνάζετο
332 719 362 787 ἓν
391 723 443 787 uxi
476 725 517 796 εἷς
548 731 649 788 Πῖοοον
682 723 816 801 οὶγονγδνν
849 723 1098 802 conspuendam.
1148 726 1230 808 Quid
1255 727 1297 792 la·

111 836 177 893 teat
203 830 236 893 in
260 828 412 903 Ἀννσίοος
437 834 469 893 et
493 829 666 907 Ἀμνσίνος
692 827 856 913 indagabit
881 827 1016 894 sociasse
1040 829 1132 896 alius.

156 931 247 998 Clara
270 932 325 997 lux
350 932 482 1016 affulget
505 954 536 1019 p.
556 937 596 998 74
622 940 653 998 ei
681 937 732 997 75.
759 933 813 997 ubi
836 931 940 998 Codex
961 935 1161 1000 Monacensis
1186 936 1299 1024 Mynae

108 1056 235 1103 errores
275 1046 331 1103 aut
366 1037 500 1123 impedit
537 1047 593 1104 aut
638 1038 784 1123 corrigit.
843 1037 923 1103 Leve
959 1039 1111 1104 mendum
1152 1048 1299 1125 superest

107 1162 137 1226 p.
163 1146 226 1217 74,
257 1147 297 1207 ὅτ
334 1143 438 1220 ἐπειδὴ
471 1142 675 1220 κολοκεντνκῆ
708 1168 754 1222 γε
787 1143 1005 1224 ἐνκοτελέχθν
1030 1153 1069 1226 τῇ
1102 1154 1294 1228 puniamini.

106 1247 269 1312 Dissident
303 1248 336 1312 in
370 1274 405 1313 τε
431 1258 463 1315 et
492 1275 541 1328 pe.
590 1249 770 1335 Uirumque
803 1246 992 1313 mendosum
1027 1255 1075 1312 est
1107 1267 1144 1313 ac
1182 1258 1217 1313 iu
1250 1269 1297 1314 re-

106 1352 211 1417 scribe
226 1350 441 1429 ’κολοκεντνκνὶ
464 1379 527 1427 τος
552 1353 784 1434 ε’γκοοτελέχθν.

151 1457 211 1522 Ubi
236 1457 435 1522 Monacensis
468 1457 549 1522 liber
573 1478 630 1522 nos
655 1456 802 1522 destituit
836 1455 954 1521 ilerum
981 1454 1140 1541 pullulant
1165 1456 1296 1524 malesa-

106 1581 166 1627 nae
190 1560 344 1626 lectiones
370 1582 398 1646 p.
426 1566 489 1640 76,
519 1567 569 1628 10.
596 1582 664 1648 sqq.
692 1559 870 1646 dequibus
894 1579 991 1645 supra
1019 1559 1171 1626 diximus.

152 1669 297 1750 Agnosco
317 1665 548 1731 Philostraium
570 1668 602 1732 in
625 1665 739 1730 vitioso
761 1684 820 1730 usu
840 1666 1039 1750 pronominis
1058 1665 1166 1749 σφίσιν
1191 1687 1219 1751 p.
1236 1673 1295 1745 78,

110 1774 166 1834 17:
201 1776 256 1844 τῆς
286 1771 344 1849 μὲν
377 1775 435 1835 τῶν
456 1773 596 1846 adalrao
621 1769 709 1847 δόξης
734 1768 951 1852 ἕτνςρέφοντοοο
970 1771 1075 1848 οὐδὲν,
1099 1775 1152 1836 τοῦ
1177 1771 1208 1836 δὲ
1232 1796 1295 1837 τον-

106 1881 171 1938 udo
194 1900 229 1939 τε
254 1875 306 1946 uoci
329 1878 465 1941 cinciniani
490 1875 662 1955 ξύμβουλον
693 1876 856 1954 γίνοοντονν
890 1876 1047 1958 σφίσιν,
1072 1883 1104 1940 el
1132 1896 1202 1961 pag.
1229 1882 1293 1954 38,

108 1981 169 2043 14:
195 1979 260 2044 οὐδὲ
283 1982 309 2045 οἱ
333 1980 416 2060 νόμον
441 1983 586 2063 σφίσιν
613 1981 686 2062 ὑπὲρ
713 1989 771 2046 τῶν
799 1981 939 2045 τονούτοον
963 1980 1183 2059 δνοολέγοντοον,
1208 1983 1292 2067 quod

104 2102 277 2167 pronomen
304 2105 361 2171 pro
384 2089 489 2158 αὐτοῖς
524 2087 661 2170 positum
689 2085 805 2150 melius
835 2083 994 2150 Herodoto
1020 2093 1052 2150 et
1083 2085 1213 2151 Ionibus
1244 2107 1292 2153 re·

102 2185 271 2272 liquisset,
307 2187 345 2254 de
384 2210 447 2275 quo
485 2189 588 2256 abusu
624 2189 765 2254 diximus
801 2189 834 2252 in
871 2188 1077 2277 Mnemosyne
1115 2188 1183 2254 Vol.
1208 2190 1291 2257 Vlll.

103 2310 174 2376 pag.
200 2296 275 2358 166.

146 2396 336 2463 Notavimus
361 2418 460 2485 supra
485 2419 683 2485 concoquere
706 2399 846 2485 poluisse
869 2396 1017 2464 Ediiores
1040 2398 1205 2482 οὶτέχομοον
1234 2420 1291 2486 pro

101 2501 214 2582 οὶτὲχο
227 2553 236 2579 ,
250 2501 440 2594 γτροὶττομοον
464 2524 521 2590 pro
545 2505 692 2587 τροέττοο,
717 2507 907 2584 praecoqua
931 2523 989 2589 pro
1010 2505 1192 2583 ννγνώοκοο,
1217 2526 1289 2570 con·

101 2607 204 2671 orario
239 2628 349 2674 errore
385 2610 570 2695 impingunt
613 2630 642 2694 p.
668 2613 733 2686 80,
758 2613 798 2675 M:
834 2609 1063 2694 ἀφελόντες
1105 2611 1157 2675 τὸν
1187 2611 1289 2676 naida

100 2712 135 2776 τὸ
160 2715 309 2790 νεοτήσνον
335 2715 501 2797 calpeque.
550 2714 642 2781 Nullo
664 2724 757 2801 pacto
778 2723 885 2801 potest
920 2718 1053 2796 ἀφελεῖν
1083 2735 1140 2800 pro
1172 2717 1289 2800 οὶφελέ·

100 2818 170 2882 οθοον
194 2818 360 2885 substitui.
408 2818 670 2907 (intemperatum
694 2822 837 2906 oportuit
869 2819 975 2885 Codici
1009 2819 1208 2898 Monacensi,
1232 2823 1289 2907 qui

100 2926 307 3004 ἀφονοοῦντοον
333 2925 482 2990 servavit.
530 2925 608 2990 Cum
634 2925 771 2991 caelenis
803 2923 1039 3011 comparandus
1070 2923 1232 3009 Aniiplron
1253 2927 1286 2991 in

101 3024 188 3092 Sion.
221 3027 329 3093 Floril.
352 3028 489 3095 LXVlll.
515 3034 568 3094 37.
603 3029 657 3093 fin.
689 3031 852 3112 Φροντῶων
884 3031 938 3106 ἤδη
975 3026 1082 3095 adora
1114 3029 1198 3095 τλέοο
1232 3029 1285 3095 noi

98 3129 257 3214 ἕξοίχετοον
293 3132 334 3198 τὸ
367 3136 578 3211 νεοτήτοον
607 3136 817 3217 σκίρτημα
857 3137 892 3200 ἐκ
922 3128 979 3210 τῆξ
1011 3134 1146 3213 γνώμης.
1203 3134 1285 3202 Hinc

100 3235 309 3322 explicuerim
354 3238 387 3304 id
429 3240 513 3326 quod
553 3240 672 3326 legitur
713 3261 743 3327 p.
771 3244 836 3319 66,
870 3245 910 3306 4:
944 3239 1195 3321 οὶνεσκνοτνκότες
1230 3242 1285 3317 τὴν

99 3337 191 3422 ὄψον,
223 3342 306 3427 quod
337 3364 398 3409 non
434 3345 595 3430 significat
632 3345 684 3410 »il
708 3345 824 3411 semble
852 3346 945 3432 qu’on
969 3345 1015 3410 les
1045 3344 1112 3409 uoie
1143 3346 1284 3411 bondir''

99 3453 136 3510 ui
159 3447 332 3534 Interpreli
365 3449 513 3527 videtur,
549 3449 603 3516 sed
640 3451 693 3514 »in
725 3471 836 3517 eorum
868 3448 960 3514 vuliu
991 3449 1159 3515 iuvenilem
1190 3450 1284 3516 losci-

96 3549 179 3616 oiom
207 3555 395 3638 apparere.''
1225 3565 1229 3571 ’

24 3741 27 3746 ‚
142 3654 194 3722 Nil
218 3667 287 3725 erat
311 3679 391 3746 opus
416 3659 583 3746 sophistae
607 3679 636 3744 p.
656 3663 718 3736 80,
744 3663 796 3724 m.
821 3658 946 3743 eripere
968 3656 1110 3724 Aiiicam
1133 3656 1284 3744 loquendi

96 3756 252 3828 sormam:
277 3765 500 3845 τροτεκτέοο
524 3765 555 3829 δὲ
578 3764 647 3831 οὕτε
680 3770 752 3836 τοῖς
775 3769 834 3828 τῶν
865 3770 1032 3842 poenaeue
1062 3761 1227 3844 τετροὶτνν,
1250 3771 1284 3829 ei

97 3867 278 3946 προσεκτέον
301 3869 486 3937 rescribere.
535 3869 648 3936 Melius
670 3866 840 3955 prodire,
865 3866 949 3953 quod
973 3868 1188 3952 incongruum
1212 3876 1282 3948 est,

95 3971 179 4036 οὐδέν
211 3974 441 4060 rescripsisset.
491 3975 564 4040 Post
596 3994 697 4060 pauca
732 3994 762 4060 p.
784 3976 845 4045 82.
871 3978 900 4038 1.
926 3992 995 4058 sqq.
1030 3971 1148 4038 ilerum
1182 3983 1283 4040 ruunt
1376 4040 1377 4045 ,

95 4077 227 4152 omnia,
261 4098 298 4145 ac
322 4079 443 4145 frustra
474 4079 587 4147 Editor
617 4081 731 4169 Mynae
758 4086 939 4144 commenta
964 4077 1146 4142 temerariis
1178 4079 1282 4145 conie-

95 4182 200 4248 cturis
223 4185 344 4249 sarcire
366 4187 503 4270 salagii:
535 4192 701 4272 praeterea
725 4183 826 4250 oratio
847 4181 919 4274 iniat
942 4182 1067 4248 lacunis
1091 4184 1280 4268 praesertim

93 4305 126 4372 p.
148 4291 210 4365 82,
237 4294 266 4353 7.

140 4390 255 4458 inlelix
276 4402 324 4460 est
344 4393 486 4460 Mdiioris
507 4395 763 4462 correctiuncula
788 4414 818 4479 p.
841 4396 905 4470 84,
932 4396 971 4458 1:
1007 4391 1060 4457 κοοὶ
1084 4390 1127 4456 τοὶ
1149 4395 1282 4457 aaronica

94 4497 163 4575 μὲν
191 4495 279 4573 darc
303 4501 438 4567 κείσθω
467 4521 524 4587 pro
545 4502 597 4569 uel
620 4502 662 4569 rol
686 4505 818 4570 τοιοῦτον
843 4497 1038 4567 ἁλίσκεσθαι.
1088 4495 1173 4578 Quid
1194 4497 1280 4564 enim
