3270 5190
805 429 844 492 41

220 605 355 679 ddaarhe
377 600 574 683 νυμνοίζεται
596 601 653 679 μὲν
677 604 734 667 ὑπὸ
758 597 958 667 Ἠλείουίτε
977 597 1102 677 μοίλιτα
1121 599 1135 662 o‘
1156 595 1236 673 ἥλιος
1259 598 1314 672 chr
1337 592 1407 661 ι’λθν

220 712 250 773 ἐν
275 710 360 790 κοίλρ
390 707 541 791 Ἀρκαδία
574 705 661 771 αίθει.
709 707 832 771 ttditort
867 704 1000 770 debetur
1034 706 1088 779 rhu
1116 703 1204 767 ίλθνῑ
1241 700 1343 765 codex
1375 709 1407 764 at

219 813 438 898 apographum
461 813 646 898 conspirant
669 813 701 876 in
726 813 780 886 rhu
806 809 890 886 ὕλην.
940 810 1098 890 Quorsum
1125 817 1231 872 autern
1255 804 1409 869 Arcadiae

220 919 340 983 retentio
368 918 516 1004 spectat?
551 918 815 994 Exercebantur,
840 915 955 989 eredo,
983 915 1016 977 in
1041 913 1158 988 Elide,
1192 932 1252 975 non
1281 911 1313 972 in
1348 909 1406 972 Ar-

220 1023 321 1089 cadio.
383 1024 551 1088 Praeterea
581 1023 654 1108 quis
686 1026 740 1100 chr
774 1023 908 1095 κοίλαν
948 1018 1115 1097 Ἀρκαδίαν
1152 1015 1246 1080 lando
1282 1014 1408 1079 audivit

220 1128 401 1214 tunquam?
439 1131 492 1194 Ἐν
512 1131 618 1194 Ἤλιδι
640 1129 726 1212 κοίλρ
749 1130 812 1193 iam
840 1124 923 1212 apud
955 1124 1127 1188 Homerum
1154 1121 1301 1207 legimus.
1349 1120 1408 1184 lle-

220 1234 318 1318 nique
348 1232 431 1318 quod
462 1244 510 1299 est
540 1233 617 1298 illud
645 1235 766 1310 lutum,
800 1231 883 1316 quod
906 1228 952 1322 sol
975 1229 1006 1290 in
1032 1225 1168 1290 Arcadia
1192 1227 1312 1290 dicitur
1333 1244 1406 1288 exu-

220 1337 314 1402 rere?
364 1338 449 1418 Quas
486 1347 519 1401 tu
549 1347 644 1422 putas
674 1336 805 1422 paludes
838 1334 937 1398 luisse
972 1336 1003 1394 et
1031 1329 1168 1412 uligines
1201 1331 1233 1392 in
1271 1328 1406 1393 Arcadia

220 1461 300 1526 quas
331 1442 407 1506 solis
439 1450 548 1505 aestus
581 1438 754 1504 exureret?
790 1437 918 1522 etquid
942 1435 1069 1501 tandem
1093 1454 1166 1498 cnm
1200 1433 1408 1511 illisluisset

221 1547 341 1629 negotii
375 1544 504 1610 athletis
539 1553 602 1618 τοῖς
632 1544 689 1609 ὑπὸ
722 1543 850 1608 Ἠλείων
883 1537 1151 1621 μνμναζομὲνοιςθ
1189 1537 1265 1602 Mihi
1295 1537 1409 1616 erede,

222 1649 373 1733 Ἀρκαδία
399 1657 454 1713 aut
478 1648 592 1713 scribis
614 1649 768 1725 debetur,
793 1658 849 1712 aut
874 1648 1008 1734 blynae‚
1037 1651 1093 1709 aut
1115 1642 1247 1708 cuilibet
1270 1643 1408 1728 denique

221 1755 328 1839 potius
360 1773 455 1838 quam
488 1754 549 1839 ipsi
586 1754 786 1818 Philostrato.
836 1750 917 1831 Quid
949 1749 1168 1837 reponendum
1203 1750 1243 1812 sit
1280 1768 1406 1813 rnecurn

221 1860 267 1924 sic
303 1859 472 1924 constitue.
522 1857 666 1924 Athletae
691 1856 924 1923 exercebantur
944 1857 976 1920 in
1010 1856 1132 1941 ingenti
1161 1855 1214 1919 illo
1240 1855 1322 1919 loris
1358 1880 1406 1919 τε·

219 1964 325 2044 μένει,
360 1962 444 2048 quod
463 1967 577 2036 ’Άλτις
610 1963 839 2050 appellabatur.
890 1962 980 2048 Quod
1007 1964 1035 2026 si
1068 1962 1350 2037 demonstravere,
1376 1969 1407 2026 et

219 2067 317 2132 sinrul
344 2071 399 2143 che
421 2070 535 2133 Ἄλτιν
575 2066 673 2134 luisse
699 2068 908 2154 paludosam,
943 2076 977 2131 ut
1002 2068 1046 2132 sol
1081 2075 1202 2132 aestate
1229 2066 1332 2130 lutum
1364 2066 1406 2128 lbi

219 2180 387 2249 exureret,
401 2171 516 2257 ecquid
535 2172 697 2238 dultitabis
719 2174 773 2247 τὴν
795 2175 862 2238 ἰλὺν
887 2175 917 2236 εἰι
937 2173 1023 2255 κοίλρ
1039 2176 1184 2236 ’Άλτει
1209 2171 1285 2235 αίθει
1299 2190 1408 2236 emen-

222 2277 299 2342 dare
319 2277 469 2342 mecum?
496 2278 620 2363 Inspice
645 2277 736 2342 morlo
757 2278 967 2354 Pausaniam,
993 2277 1046 2362 qui
1069 2278 1188 2362 passim
1211 2277 1241 2339 in
1272 2275 1353 2339 libro
1369 2276 1406 2339 V.

221 2385 276 2457 ahu
293 2385 408 2447 ’Άλτιν
434 2391 681 2458 commemorat,
716 2392 746 2448 et
778 2382 933 2468 quithuid
959 2384 1078 2447 inesset
1108 2384 1138 2447 ἐν
1166 2386 1279 2446 ’Άλτει
1302 2383 1408 2446 visen·

221 2487 299 2552 dum
332 2487 503 2572 diligenter
527 2487 706 2574 descripsit.
755 2486 905 2554 Omnium
934 2488 1075 2572 primunr
1100 2488 1137 2553 V.
1165 2493 1215 2554 10.
1245 2495 1280 2552 l:
1312 2489 1347 2552 τὸ
1377 2489 1408 2552 δὲ

221 2591 317 2666 ίίλσος
346 2594 380 2658 τὸ
410 2594 484 2673 ἱερὸν
509 2598 561 2658 τοῦ
598 2594 669 2666 Διὸς
690 2596 965 2674 παραποιήσαντες
994 2594 1028 2658 τὸ
1062 2592 1157 2671 ὄνομα
1182 2596 1314 2660 ’Άλτιν
1352 2621 1407 2660 κα·

220 2704 336 2764 λοῦσιν.
386 2697 473 2764 Idem
496 2699 532 2763 V.
561 2704 611 2763 15.
646 2704 676 2764 8.
714 2699 769 2764 ubi
801 2699 941 2764 athletae
977 2707 1205 2763 exercerentur
1236 2701 1406 2766 certiorem

219 2813 253 2866 te
275 2801 370 2873 saciet
393 2802 442 2867 bis
464 2804 583 2868 verbis:
608 2805 642 2868 τὸ
666 2813 848 2884 Πρυτανεῖον
873 2805 903 2868 δὲ
926 2804 1057 2878 Ἠλείοις
1082 2804 1126 2873 tei
1152 2805 1208 2882 μὲν
1231 2815 1301 2879 τῆς
1323 2807 1407 2870 ''Aa-

220 2931 321 2978 τεοο
342 2910 356 2970 ε’
365 2910 474 2986 ντδς,
501 2910 666 2983 πεποίηται
687 2910 717 2973 δὲ
740 2910 900 2990 nupciali
924 2907 1037 2985 ἔξοδον,
1062 2909 1080 2985 a‘
1093 2912 1137 2977 ε’ςι
1160 2914 1212 2972 τοῦ
1234 2910 1407 2986 γυμνασίου

220 3013 326 3094 πέραν.
353 3015 382 3078 ἐν
405 3014 501 3096 τούτῳ
525 3016 555 3079 δὲ
576 3012 607 3078 οί
624 3039 658 3078 τε
678 3014 778 3093 δρίμοι
804 3014 857 3104 (τῷ
880 3014 1042 3095 γυμνασίῳ
1062 3013 1245 3100 deleverint)
1268 3013 1319 3078 καί
1343 3023 1406 3087 τοῖς

221 3121 424 3193 οὶθλκταῖς
451 3120 552 3184 εἰσὶν
577 3123 617 3185 αἱ
643 3128 886 3200 ταλαῖςραι.
934 3120 991 3184 lllo
1016 3121 1083 3204 ipso
1107 3120 1175 3185 loco
1199 3119 1406 3202 athletaeso-

220 3223 350 3302 lebant,
386 3234 422 3289 ut
447 3225 660 3290 Philostratus
696 3225 839 3311 loquitur
876 3247 904 3311 p.
934 3230 996 3301 18,
1024 3231 1087 3290 10:
1126 3224 1204 3290 κόνιν
1240 3225 1406 3304 ἀνέχεσθαι

221 3329 401 3411 θερμοτέραν
431 3337 486 3404 τῆς
519 3330 667 3397 Αἰθιόπων
691 3331 841 3413 ψοίμμου.
891 3330 938 3395 tbi
971 3330 1018 3396 sol
1046 3330 1166 3396 solebat
1185 3332 1239 3405 edu
1267 3332 1334 3395 ἰλὺν
1360 3329 1406 3395 κί-

221 3436 292 3500 θειι.
340 3436 423 3500 nudi
456 3436 547 3501 modo
582 3436 719 3502 eurrdem
754 3447 867 3503 testem
890 3437 926 3501 V.
956 3445 1005 3500 lt.
1036 3442 1092 3501 10:
1126 3439 1255 3501 ’Έλαιον
1280 3436 1342 3515 γαρ
1364 3437 1405 3515 τῷ

221 3539 396 3619 οίμοίλματί
419 3543 480 3611 ε’ςιν
513 3544 543 3607 ἒν
564 3543 732 3626 Ὀλυμπία
764 3543 939 3625 συμφέρον,
968 3541 1019 3606 καί
1045 3540 1147 3606 ἔλαιόν
1170 3542 1215 3608 ἐςι
1243 3541 1277 3605 τὸ
1301 3543 1407 3621 acea-

222 3669 277 3723 ycv
308 3649 352 3724 (ch
388 3649 526 3725 γίνεσθαι
558 3648 599 3729 τῷ
636 3648 784 3729 ἐλέφαντι
818 3648 943 3726 βλοίβος
978 3645 1042 3711 διοδ
1078 3647 1119 3710 τὸ
1153 3647 1299 3718 ἑλῶδες
1335 3654 1407 3722 τῆς

217 3752 410 3824 Ἄλτεως.
459 3752 582 3838 Ecquid
614 3753 704 3838 plura
730 3754 894 3840 requiris?
932 3752 1041 3817 Valeat
1081 3752 1180 3836 igitur
1215 3750 1352 3816 Arcadio
1376 3761 1407 3816 et

223 3856 256 3920 in
286 3865 425 3922 veterem
452 3857 643 3943 palaestram
676 3859 815 3926 athletae
848 3859 1066 3934 reducantur,
1102 3875 1239 3942 qnorum
1272 3857 1407 3921 durissi-

223 3981 309 4026 mam
332 3962 545 4028 eouditionem
573 3965 686 4030 merito
710 3965 789 4031 dicit
815 3965 912 4031 luisse
937 3985 1036 4050 quum
1058 3965 1126 4029 καθ’
1147 3961 1223 4044 aaut
1247 3969 1300 4029 τοῦ
1323 3963 1407 4038 ἔτους

223 4076 472 4145 exercerentur,
509 4069 636 4154 quando
664 4071 802 4136 trraxime
835 4071 960 4135 arderet
985 4069 1089 4136 Sirius
1114 4079 1144 4135 et
1180 4069 1225 4135 sol
1254 4073 1309 4146 cho
1341 4071 1408 4136 labo

223 4173 254 4238 ἐν
275 4174 360 4257 κοίλρ
380 4176 514 4239 ’Άλτει
540 4184 698 4240 exureret.

283 4277 315 4342 Si
351 4287 437 4344 recte
473 4280 617 4357 conieci,
652 4280 793 4346 dubitari
834 4283 950 4366 poterit
985 4283 1068 4346 sitne
1102 4280 1408 4346 vetusscribarum

224 4383 377 4448 mendum
407 4405 446 4449 an
472 4385 585 4471 Mynae
615 4387 773 4468 θθλεφία.
824 4385 856 4452 Si
881 4387 1005 4451 scribae
1034 4395 1208 4472 peccarunt
1233 4405 1294 4448 non
1323 4405 1410 4450 ntrrrc
1515 4448 1516 4452 ,

224 4490 367 4575 primum
403 4494 457 4567 chi
490 4496 604 4558 ’Άλτιυ
641 4494 722 4560 male
753 4494 947 4561 mulcarunt.
1009 4493 1183 4560 Levissinre
1218 4498 1343 4557 tantum
1377 4490 1410 4554 in
