3270 5190
805 410 843 471 ot

232 604 373 650 σεταιε
408 582 632 659 ἡλιωθάσεται,
658 586 691 647 ot
723 581 909 648 Ἐλάταιι
943 585 1101 661 θλιοῦται,
1123 589 1154 648 ct
1184 586 1421 670 Ἑλαιθερὲς

231 686 333 769 ὕδωρ.
380 687 473 752 Ion-cs
505 693 537 751 et
568 684 668 751 Attici
700 686 864 766 εἱλκθερεῖν
886 695 918 752 ct
942 688 1158 767 εἱληθερεῖσθαι
1192 685 1364 770 dicebant,
1388 693 1422 757 in

228 792 346 880 quihus
371 791 510 856 notabile
542 798 591 856 est
621 791 785 870 είλνθερεῖν
810 797 841 855 ct
867 792 1037 857 transitive
1063 791 1127 856 diri
1152 798 1183 857 et
1206 792 1422 862 intransitive.

228 897 397 984 Significat
410 897 495 963 enim
518 903 549 961 et
571 898 672 971 ἀλιοῦν
690 904 722 962 et
741 898 908 973 ἡλιοῦσθοιι.
934 895 1054 962 Eadem
1077 897 1160 962 ratio
1181 903 1230 962 cst
1250 898 1422 968 verborum

225 1003 359 1069 ἀλεαίνοι
385 1009 417 1067 et
443 999 570 1083 ἡλιοίζοο.
618 1000 741 1067 Vitium
773 1000 831 1066 atit
854 1001 1034 1089 Hesychius
1058 1020 1086 1066 v.
1110 1003 1420 1083 Ἀλεαινοίμνντ

228 1109 454 1191 θερμαινοίμνν.
511 1106 640 1193 Reponc
675 1105 923 1186 Ἀλεαίνοιμι
956 1113 1105 1172 sumtum
1128 1126 1167 1172 cx
1196 1108 1420 1195 Aristophanis

227 1214 399 1281 Ecclesiaz.
427 1218 511 1279 540:
1354 1235 1356 1241 ¹
1379 1243 1381 1248 v

363 1318 457 1384 ἔπειθ’
482 1315 517 1381 ἵν’
541 1315 785 1391 ἀλεαίνοιμι
810 1321 895 1381 τοῦτ’
920 1313 1138 1396 ἦμπισχθμκν.

228 1444 324 1512 quem
359 1422 466 1487 locum
498 1426 624 1500 veteres
652 1417 799 1501 magistri
832 1419 942 1485 sedulo
971 1425 1153 1503 enotarnnt.
1211 1420 1416 1510 Phrynichus

229 1530 261 1592 in
286 1527 382 1592 Bekk.
409 1521 528 1589 hnccd.
555 1541 585 1607 p.
611 1525 670 1599 14,
696 1526 759 1588 24:
794 1524 1066 1603 Ἀλεαίνοιμιτ
1100 1523 1170 1589 ἀντί
1195 1530 1248 1590 τοῦ
1272 1529 1416 1595 ε’λεαινοί-

228 1657 300 1711 μνον.
326 1628 517 1712 ἐνεργητικὸν
540 1626 609 1691 ἀντί
633 1612 812 1702 παθκτικού.
849 1626 938 1693 Cous.
965 1636 997 1693 ct
1025 1648 1054 1713 p.
1075 1632 1136 1693 581
1151 1679 1159 1707 ,
1185 1633 1239 1695 nt.
1272 1631 1325 1697 uhi
1347 1635 1416 1719 ipsa

229 1734 324 1802 vorha
349 1742 460 1820 poetae
482 1737 697 1816 apponuntur.
747 1730 866 1796 Eodem
889 1731 983 1796 modo
1007 1731 1144 1814 ἡλιοίζειν
1171 1732 1329 1803 dicebant.
1355 1739 1415 1806 He·

227 1838 380 1927 sychius:
416 1833 618 1901 Ἡλιάσαιε
653 1837 683 1899 ἐν
718 1837 760 1917 τῷ
798 1837 872 1918 ἡλίῳ
901 1837 1047 1904 ἀπλῶσαι
1081 1841 1097 1915 ἢ
1134 1839 1347 1920 θερμαίνεσθαι
1384 1845 1415 1908 ἐν

227 1944 310 2026 ἡλίῳ.
359 1940 529 2026 Sequiores
562 1938 742 2021 ἧλιοίζεσθαι
774 1949 806 2006 ct
828 1942 1027 2008 ἀλεαίνεσθαι
1063 1942 1169 2009 dicere
1202 1944 1316 2013 solent.
1354 1948 1414 2013 Hc·

226 2047 377 2136 sychius:
402 2046 639 2126 Είλνθερῶνε
665 2043 875 2125 ἡλιαζίροενος.
923 2045 1029 2111 Idem:
1053 2049 1413 2130 Είλνθερούμενος;

225 2153 256 2218 ἕν
280 2153 354 2234 ἡλίῳ
378 2150 620 2232 θερμαινόμενος.
670 2149 851 2214 Transitivc
882 2148 1003 2233 legitur
1035 2153 1197 2233 είλκθερεῖν
1222 2154 1306 2239 opud
1338 2155 1413 2242 Hip·

225 2264 388 2343 pocratem
413 2275 444 2341 p.
467 2259 551 2333 485,
576 2257 629 2318 λλ.
655 2253 745 2318 roos.
772 2253 827 2318 uhi
857 2253 989 2319 iubetur
1019 2256 1165 2322 medicos
1193 2267 1413 2343 aegrotantem

224 2363 288 2428 ἀπὸ
308 2369 364 2437 τῆς
389 2367 534 2444 κεφαλῆς
558 2358 711 2440 καθαίρειν
735 2358 787 2423 καί
812 2359 909 2441 θερμῷ
933 2362 972 2433 ἀς
994 2358 1085 2436 ἥκιςα
1116 2363 1214 2428 λούειν
1238 2365 1326 2429 ἀλλά
1358 2367 1411 2432 καί

225 2467 300 2543 ἕπίρν
333 2466 462 2540 λούνται
499 2462 747 2545 είλκθερίειν
777 2461 829 2537 καί
854 2501 900 2515 -
922 2463 1014 2543 νύλα
1045 2465 1109 2531 θνον
1142 2467 1310 2535 πιπίσκειν.
1367 2471 1413 2538 Dc

224 2572 294 2659 ipso
315 2590 410 2656 aegro
430 2576 501 2655 post
528 2588 628 2654 pauca
653 2571 779 2654 paco,
807 2573 858 2634 10.
884 2570 1046 2655 passivum
1071 2571 1218 2656 ponitur:
1245 2575 1410 2652 ἀπεμεὲτο

224 2676 276 2743 καί
297 2678 393 2757 θερμῷ
415 2678 452 2748 ὡς
478 2671 568 2750 dorsa
601 2673 716 2739 λούσθα
740 2673 829 2739 ἀλλά
856 2673 908 2738 καί
933 2676 1222 2756 είλνθερείσθω,
1247 2697 1344 2763 quam
1369 2679 1411 2746 ic·

223 2783 362 2847 erinnem
391 2779 487 2864 rotgo
519 2779 552 2843 in
583 2777 774 2858 είλνθερεέτο
810 2776 1016 2863 depravatam
1048 2782 1189 2846 servavit
1223 2781 1361 2849 Galenus
1392 2803 1411 2849 a

222 2885 338 2952 scribis
372 2883 485 2950 leviter
521 2891 694 2968 corruptus
736 2883 768 2945 in
810 2877 1096 2964 Ἐλιθερείσθενι
1142 2886 1299 2961 ἡλιοθσθον.
1358 2888 1409 2954 In·

135 3026 136 3030 =
223 2992 392 3057 transitive
415 2989 558 3054 occurrit
580 2987 664 3073 apud
689 2985 895 3052 Xenarchum
925 2986 1080 3054 Athenaei
1105 3009 1134 3075 p.
1157 2995 1234 3058 too.
1262 2993 1295 3057 B.

403 3091 477 3160 ὅπου
501 3094 564 3175 νάρ
588 3093 681 3158 οὐσῶν
705 3090 857 3174 μειροίκονν
881 3091 964 3171 aar
987 3096 1144 3176 εὐπρεπῶν

402 3200 452 3264 ε’πί
477 3186 555 3265 τοῖσι
580 3198 775 3280 πορνείοισιν,
800 3192 838 3272 ἀς
864 3195 960 3273 ἔξεσθ’
984 3198 1054 3279 ὂράν

403 3304 710 3387 είλνθερούσας,
734 3302 811 3384 ςίρν’
834 3289 1120 3386 ἀπημφιεσμένας,

402 3409 527 3488 ννμνάς
551 3408 666 3491 ἑφεξῆς
690 3411 719 3474 τ’
744 3407 793 3472 ε’πί
818 3407 908 3489 κέρνος
933 3411 1145 3489 τεταγμένας.

220 3516 277 3584 uhi
307 3515 377 3600 lege
409 3517 439 3579 ἐν
464 3523 541 3581 τοῖσι
575 3534 632 3600 pro
659 3512 710 3578 ε’πί
733 3522 811 3578 τοῖσι
836 3536 870 3577 π.
906 3520 937 3578 et
962 3515 993 3580 τ’
1018 3516 1133 3583 θείοιο.
1184 3511 1334 3585 Occurrit
1357 3539 1410 3586 eo-

221 3622 292 3688 dem
319 3639 415 3686 sensu
444 3617 528 3704 apud
552 3619 657 3704 ipsnm
685 3615 914 3683 Philostratum
940 3619 972 3683 in
994 3620 1060 3684 vita
1084 3619 1241 3706 Apollonii
1266 3642 1296 3707 p.
1323 3628 1405 3691 255:

219 3727 355 3808 γυμνοὺς
389 3725 414 3790 θ’
438 3722 568 3794 ε’ςοίλθαί
598 3723 682 3790 κατά
706 3723 812 3788 ταύτά
836 3733 899 3796 τοῖς
932 3727 963 3791 εί
972 3726 1201 3806 λνθεροῦσιν
1232 3728 1405 3803 Ἀθήνησιν.

220 3834 308 3900 Idem
344 3839 455 3896 nostro
485 3829 553 3896 ioco
587 3829 754 3895 transitive
788 3827 913 3892 dixerat
941 3828 980 3894 de
1008 3831 1206 3916 gymnastis:
1241 3835 1406 3909 Είλνθε-

219 3945 323 4022 ροῦσι
357 3938 388 4002 δὲ
419 3938 445 4001 οἱ
475 3936 532 4014 μὲν
566 3936 692 4015 ἀμαθῶς
717 3934 796 4000 αὐτὸ.
826 3932 1015 4014 πράττοντες
1039 3936 1069 4000 ἐν
1093 3933 1212 4001 ἀπαντι
1245 3939 1320 4020 ἡλίῳ
1352 3941 1404 4006 καί

219 4044 355 4116 ποίντας.
405 4039 458 4106 Sic
482 4038 560 4105 solet
585 4060 695 4105 eorum
716 4059 841 4105 errores
864 4047 896 4104 et
918 4049 1048 4125 peccata
1072 4051 1203 4117 notare,
1230 4043 1313 4109 unde
1338 4064 1405 4109 cor·

218 4149 288 4234 rigo
312 4149 416 4213 locum
441 4166 472 4231 p.
495 4149 554 4210 78:
586 4144 815 4226 Ἃμαρτάνονσι
840 4144 871 4209 δὲ
898 4146 1030 4211 κάκεῖνοι
1058 4138 1110 4234 [οἳ]
1143 4147 1245 4213 παῖδα
1270 4150 1405 4224 ἀθλητὴν

219 4255 431 4325 ἀποδύσαντες
453 4249 662 4332 νυμνοίζονσιν
686 4253 724 4325 cir
756 4250 809 4326 ἤδη
841 4247 945 4330 ἀνδρα.
993 4250 1106 4316 Editor
1129 4249 1167 4316 dc
1190 4270 1248 4315 suo
1277 4244 1328 4338 [οἳ]
1357 4252 1405 4318 io·

136 4343 139 4351 ¹
218 4359 331 4426 seruit.
381 4356 572 4442 Perperam:
608 4376 746 4442 repone:
782 4352 1010 4438 ’Λμοιρτοίνοοσι
1035 4356 1066 4421 δὲ
1090 4356 1279 4421 κάκεῖνο·
1304 4356 1407 4423 παῖδα

218 4465 354 4542 ἀθλητὴν
379 4461 588 4537 ἀποδύσαντες
614 4463 678 4532 κτὲ.
