3270 5190
915 455 955 514 8⁹2

335 625 493 691 Pausania
518 627 554 690 V.
588 647 652 695 xxi.
679 632 709 693 5.
766 625 915 697 Εὔπωλος
953 626 966 688 ό
1003 627 1164 698 Θεσσαλός
1199 625 1341 705 χρήμασι
1376 624 1525 709 διέφθειρε

336 732 404 806 τοὺς
429 732 573 807 ε’λθόντας
600 729 819 824 (εἰσελθόντας)
845 737 903 796 τῶν
925 738 1057 797 πυκτῶν.
1107 728 1226 796 llodem
1248 735 1330 794 iesie
1349 729 1386 798 V.
1408 751 1469 795 nm.
1492 738 1523 798 5.

334 842 460 902 oonslal
493 835 681 927 Olympiade
704 838 798 905 CXII.
824 838 982 911 Ἀθηναῖοι
1017 835 1204 902 Κάλλιππον
1236 835 1419 911 άθλήσαντα
1454 839 1525 903 πέν-

333 943 446 1008 ταθλον
467 942 675 1022 ἐξωνήσασθαι
700 946 769 1013 τοὺς
795 941 1097 1022 ἀνταγωνιουμένους
1120 942 1292 1024 χρήμασιν.
1342 940 1454 1008 Simile
1478 942 1524 1008 la·

335 1046 429 1113 ciuus
447 1049 557 1131 άνδρῶι
579 1050 628 1115 ἐπὶ
646 1050 745 1133 δάροις
768 1048 991 1115 παλαισάντων
1016 1044 1205 1137 Olympiade
1220 1046 1411 1112 CLXXVIII.
1437 1068 1522 1114 com·

334 1147 471 1218 missum
497 1166 608 1221 narrat
630 1154 714 1222 idem
737 1156 775 1220 V.
801 1173 866 1219 xxi.
893 1158 924 1219 8.
973 1151 1114 1219 Adriano
1137 1153 1318 1238 imperante
1344 1153 1414 1219 vivo
1438 1154 1524 1219 Pau·

335 1258 425 1322 sauia
451 1255 570 1324 accidit
592 1258 676 1346 quod
708 1267 938 1325 commemorat
962 1259 999 1324 V.
1025 1278 1088 1324 xxi.
1116 1260 1175 1323 18:
1208 1256 1282 1341 ἕκπρ
1304 1258 1355 1323 ἐπὶ
1379 1268 1450 1333 ταῖς
1482 1259 1524 1324 εί·

333 1386 397 1428 κοσι
422 1363 475 1428 καὶ
498 1365 666 1437 διακοσίαις
689 1363 884 1446 Ὀλυμπιάδι
909 1364 1031 1439 πθκτας
1055 1363 1165 1443 άνδρκς
1191 1363 1265 1445 ὑπὲρ
1292 1366 1390 1438 αὐτῆς
1414 1388 1523 1447 μαχο-

334 1468 442 1547 μένους
475 1478 531 1546 πῶς
566 1471 648 1546 νίκής
682 1471 846 1553 ἐφώρασαν
881 1469 1076 1550 συνθεμένους
1110 1469 1182 1550 ὑπὲρ
1215 1470 1394 1548 λήμματος.
1452 1470 1523 1535 [luo

334 1581 427 1640 erant
450 1574 622 1662 Aegyptii,
658 1573 755 1641 Iiidas
776 1585 807 1642 ei
828 1574 1082 1661 Garapammon‚
1105 1571 1274 1639 subdolum
1303 1593 1339 1638 ao
1362 1573 1523 1660 perfidum

333 1677 503 1746 homiuum
525 1699 646 1764 genus;
671 1680 726 1746 sed
752 1681 837 1766 ipsos
864 1679 1030 1747 Elidenses
1051 1680 1136 1745 Iovis
1166 1698 1284 1745 numen
1312 1679 1369 1745 lali
1401 1679 1524 1746 scelere

333 1783 469 1851 violasse
501 1783 763 1870 indignabundus
795 1785 909 1851 scribit
948 1785 1125 1852 Pausanias
1152 1785 1189 1849 V.
1222 1805 1287 1850 xxi.
1321 1789 1381 1851 16:
1414 1787 1524 1865 θαῦμα

333 1891 391 1971 μὲν
413 1890 448 1966 δή
471 1889 523 1955 καί
547 1887 664 1965 άλλους
686 1893 717 1957 ἕν
740 1892 856 1966 οὐδενός
880 1891 965 1974 λόγῳ
995 1891 1129 1957 τὸνθεόν
1154 1890 1255 1956 θέσθαι
1279 1891 1331 1956 τὸν
1351 1892 1381 1956 ἒν
1399 1896 1523 1971 Ὀλυμ·

333 1996 393 2080 πόα
416 1995 468 2061 καί
489 1993 638 2072 δέξασθαί
666 1997 776 2074 τννκή
809 1998 909 2063 δοῦναι
939 1998 1016 2079 δῶρα
1044 1996 1094 2062 ἐπὶ
1117 1996 1159 2078 τῷ
1184 1997 1300 2075 άγῶνν·
1334 1999 1468 2079 μείζονος
1490 1999 1523 2064 δὲ

333 2099 378 2167 ἔτι
403 2101 562 2181 θαύματος
587 2102 616 2168 εί
636 2127 675 2181 γε
700 2103 752 2169 καὶ
784 2105 884 2170 αὐτῶν
916 2103 1088 2182 ε’τόλμνσεν
1120 2102 1173 2179 ήδη
1198 2127 1244 2177 τις
1277 2103 1414 2168 Ἠλείων.
1462 2102 1523 2169 lle·

333 2203 408 2272 inde
443 2215 554 2272 narrat
590 2205 780 2295 Olympiade
807 2208 939 2274 CXCIII.
997 2207 1207 2273 IlanronIoum
1244 2205 1425 2273 Elidensem
1463 2207 1523 2275 filii

333 2310 554 2378 adversarium
572 2311 742 2397 largitione
766 2314 959 2399 corrupisse.
1009 2310 1061 2402 Sio
1087 2312 1189 2397 igitur
1210 2313 1342 2386 Ἠλείοις
1368 2315 1382 2378 ὁ
1406 2313 1524 2388 κότινος

332 2413 446 2489 άσυλος
482 2414 570 2496 ἔμενε
602 2415 735 2483 scilieet.
794 2417 854 2484 Sed
890 2417 964 2504 quis
996 2417 1169 2484 mirabitur
1203 2416 1267 2482 illis
1300 2417 1524 2504 ternpor·ilruS‚

332 2521 395 2588 illis
431 2521 575 2588 moribus
603 2541 703 2607 quum
738 2524 844 2588 omnIa
876 2531 908 2590 ei
944 2541 1056 2588 omnes
1097 2522 1215 2607 ubique
1250 2523 1376 2588 venales
1414 2534 1525 2592 esseni

332 2625 500 2716 Olympiae
524 2645 650 2712 quoque
679 2627 748 2701 τοὺς
769 2628 826 2706 μὲν
853 2628 1048 2694 άποδιδοσθκι
1080 2629 1136 2704 τήν
1162 2629 1261 2694 αὐτῶν
1293 2626 1437 2694 εὔκλειαν
1470 2631 1535 2697 διά

331 2734 366 2799 τό
390 2738 513 2797 πολλῶν
544 2733 679 2811 δεῖσθαι,
712 2733 782 2807 τοὺς
811 2735 844 2801 δὲ
870 2734 1005 2800 ὠνεῖσθαι
1027 2735 1061 2799 τὸ
1091 2733 1136 2812 μή
1163 2730 1217 2809 ξὺν
1247 2732 1325 2816 πόνῳ
1356 2739 1441 2800 νικῶν
1469 2736 1523 2801 διά

331 2839 367 2904 τὸ
392 2839 494 2921 άβρῶς
520 2839 718 2915 διαιτάσθαι,
751 2845 788 2905 ui
811 2834 1027 2905 PhiIosiratus
1057 2838 1202 2924 loquilnr
1233 2860 1263 2925 p.
1290 2843 1341 2905 76.
1367 2844 1398 2905 8.
1432 2860 1523 2925 prae-

333 2943 444 3010 sertim
478 2963 578 3030 quum
616 2951 806 3032 gymnaslae
840 2955 896 3021 τῆς
928 2949 987 3010 τῶν
1018 2945 1157 3017 άθλκτῶν
1192 2942 1280 3020 δόξαν
1318 2945 1525 3028 ε’πεςρέφουτο

332 3049 433 3127 οὐδέν,
456 3053 509 3115 τοῦ
534 3049 565 3114 δὲ
587 3059 699 3116 πωλεῖν
724 3050 776 3116 καί
802 3052 940 3117 ῶνεῖσθαι
962 3048 1133 3128 ξύμβουλον
1158 3050 1315 3127 ἐγίγνοντο
1339 3054 1429 3131 σφίσι
1451 3076 1525 3134 προ·

333 3159 468 3228 νοοῦντες
493 3158 547 3220 τοῦ
576 3155 692 3220 ἑαυτῶν
713 3156 843 3238 κέρδους.
876 3175 907 3241 p.
931 3160 992 3233 78,
1020 3158 1070 3219 15.
1125 3154 1269 3240 Denique
1294 3175 1394 3240 quum
1422 3156 1524 3224 aihle·

333 3267 385 3325 lae
420 3279 438 3324 a
471 3260 652 3345 gymnasiis
680 3259 803 3326 insanis
834 3261 943 3326 usuris
979 3257 1251 3338 exlraurIrentur,
1284 3269 1415 3326 auclore
1446 3262 1522 3329 Phi-

332 3365 465 3430 lostrato
491 3361 568 3428 ibid.
592 3363 644 3428 καί
669 3363 835 3446 δανείζουσι
861 3374 924 3438 τοῖς
949 3366 1100 3439 άθλνταΐς
1124 3366 1174 3431 ἐπὶ
1202 3365 1300 3439 τόκοις
1323 3367 1459 3449 μείζοσιν
1482 3366 1523 3435 ῶν

334 3469 499 3561 (τελοῦσιν)
524 3468 647 3552 ἔμποροι
670 3469 935 3548 θαλαττεθουτες,
959 3470 1032 3556 quis
1056 3469 1230 3538 mirabitur
1253 3471 1323 3537 illos
1348 3470 1447 3540 luisse
1469 3494 1522 3541 ve·

333 3575 442 3655 nales,
467 3575 656 3662 praesertim
681 3596 781 3663 qoum
804 3575 939 3643 molliIIe
963 3583 995 3643 el
1018 3575 1143 3642 deliciiS
1167 3577 1375 3644 diiiluerenli
1410 3579 1523 3665 Neque

332 3692 402 3749 erat
425 3681 479 3747 illa
503 3701 615 3748 recens
639 3681 821 3768 corruptela
850 3689 881 3748 ei
907 3681 1093 3768 iurpiludo:
1118 3683 1195 3748 audi
1225 3703 1307 3769 qnae
1331 3682 1416 3749 (licui
1448 3686 1523 3752 Ilio·

332 3788 446 3877 nysius
478 3785 637 3853 Hallealn.
670 3790 700 3852 ἐν
733 3791 775 3870 τῷ
808 3788 1016 3870 προτρεπτνκῷ
1052 3797 1115 3861 τοῖς
1158 3788 1309 3863 ἀθληταῖς
1347 3789 1436 3856 Toni.
1462 3791 1520 3860 Vl.

332 3915 362 3980 p.
385 3897 461 3958 277.
492 3892 600 3958 Relsk.
631 3892 841 3974 πειρασόμεθα
867 3894 1002 3975 άνανρεῖν
1026 3888 1109 3958 eud
1141 3892 1192 3959 ἐπὶ
1225 3894 1259 3959 τό
1291 3895 1525 3978 διαφθείρεσθαί

331 4023 410 4072 τινες
442 3997 626 4079 τρέπονται,
659 3998 840 4084 dequibus
871 3997 973 4065 mulia
1005 3996 1118 4064 sorihii
1153 3997 1237 4064 unde
1264 4019 1366 4084 pauca
1398 4000 1522 4070 deseri-

331 4104 424 4171 ham:
449 4104 474 4168 oi
506 4101 606 4176 δόντες
635 4104 677 4185 τῷ
701 4105 758 4182 μὲν
788 4103 885 4171 δοκεῖν
912 4105 1084 4182 νενικήκασι
1114 4113 1153 4186 πή
1176 4103 1201 4168 δ’
1222 4105 1352 4190 άλήθείρο
1375 4106 1522 4182 ε’άνήνται

330 4211 385 4286 τήν
407 4210 508 4288 νίκήν,
530 4215 562 4274 et
584 4215 655 4295 posi
677 4228 795 4295 pauca:
824 4209 945 4292 χείρους
970 4211 1027 4276 εἶσί
1051 4214 1109 4275 τῶν
1139 4210 1296 4290 προδοτῶν.
1329 4211 1434 4279 ἐκεῖνον
1462 4217 1523 4293 μὲν

329 4316 393 4400 γάρ
428 4316 498 4387 τοὺς
538 4313 654 4388 άλλους
686 4320 858 4394 πωλοῦσιν,
894 4312 973 4383 οὗτοι
1007 4315 1039 4380 δὲ
1070 4315 1121 4380 καί
1159 4315 1297 4389 ἑαυτούς.
1335 4315 1387 4381 καί
1423 4314 1521 4396 όμοιοι

329 4431 392 4515 τοῖς
417 4421 531 4503 πόρνοις
556 4421 632 4488 sirio
656 4422 705 4490 ἐπὶ
739 4430 801 4497 τοῖς
834 4421 955 4501 σάμασι
983 4428 1046 4492 τοῖς
1074 4421 1188 4488 ἑαυτῶν
1218 4421 1460 4502 λαμβάνοντες,
1488 4436 1524 4493 et
