3270 5190
843 433 882 494 'II

282 605 482 685 Σκοτόεσσοι,
507 607 562 673 sed
586 607 689 673 forma
712 611 877 670 contraria
902 604 933 668 in
965 610 1126 670 Σκοτοῦσκ
1152 605 1290 672 emolliri
1323 607 1470 686 soiobai,

283 722 319 776 m
349 708 543 795 Δκφνοῦσκ,
577 717 740 795 Δρυοῡσοι,
764 712 934 775 Έκοιιοῦσοι
962 718 995 774 et
1019 709 1080 775 alia
1101 710 1262 797 plurima,
1287 711 1471 798 dequibus

281 826 432 883 accurate
456 818 582 902 egimus
606 820 638 883 in
664 817 870 902 Mnemosyne
898 812 965 878 Vol.
988 813 1076 880 VIII.
1102 837 1131 902 p.
1154 819 1215 882 125
1240 837 1309 903 sqq.
1357 818 1481 884 Prisca*

281 919 383 986 forma
408 930 512 987 exstat
536 921 619 1007 apud
643 922 837 986 Pausaniam
860 918 932 984 VII.
959 939 1054 985 nxvn.
1080 926 1117 986 6:

410 1025 465 1090 Ὦ
489 1028 583 1109 τροφὲ
606 1023 867 1105 Πουλυδάμοιντος
891 1022 1038 1090 ἀνικάτου
1063 1025 1253 1092 Σκοτόεσσοι.

326 1131 363 1196 In
388 1131 479 1197 libris
503 1132 622 1197 variari
650 1130 752 1206 solet,
776 1135 813 1194 ut
835 1130 953 1215 passim
979 1130 1010 1194 in
1036 1130 1166 1199 talibus.
1214 1131 1264 1197 Ex
1287 1129 1471 1218 apographo

281 1236 401 1322 prodiit
425 1237 616 1312 σκοτοόσιον,
641 1244 753 1301 contra
777 1242 993 1301 σκοτουσσοιῖου
1021 1255 1051 1321 p.
1075 1240 1128 1301 72.
1153 1240 1184 1303 6.

327 1339 417 1420 Quod
453 1361 551 1428 supra
585 1341 767 1406 notavimus
802 1360 832 1426 p.
852 1344 913 1418 56,
937 1343 970 1405 I.
1003 1339 1245 1407 rescribendum
1271 1361 1340 1407 esse
1365 1339 1384 1424 ή
1405 1340 1469 1408 ε’κί-

280 1471 378 1528 χρντο
403 1448 469 1525 ἐφ’
502 1439 662 1524 ήιιικίοος
686 1465 743 1533 pro
767 1448 827 1529 ἀφ’
851 1445 993 1523 ήιιικίκο,
1018 1445 1063 1510 nii
1086 1454 1156 1513 erat
1179 1467 1260 1532 opus
1281 1448 1470 1512 coniectura

283 1573 422 1639 namque
446 1554 500 1638 ἐφ’
522 1553 644 1630 ήιιικίοις
666 1551 785 1616 diserte
805 1558 875 1617 erat
895 1551 928 1615 in
951 1551 1132 1637 apographo
1157 1554 1332 1639 scriptum,
1357 1551 1413 1618 sed
1431 1549 1472 1616 ab

282 1658 413 1725 Editore
434 1679 495 1724 non
521 1658 720 1724 intellectum
744 1663 776 1722 ei
797 1655 979 1720 inconsulto
993 1664 1151 1722 mularum
1166 1666 1225 1724 esi.
1249 1660 1324 1741 Ἐφ’
1347 1657 1471 1733 ήιιικίκς

282 1764 401 1848 Iegilnr
420 1770 452 1828 oi
464 1762 540 1828 aiibi
563 1772 596 1828 et
616 1764 648 1827 in
669 1759 773 1846 lepido
788 1759 922 1824 Luciani
943 1759 1011 1826 loco
1032 1762 1099 1844 περὶ
1121 1764 1302 1841 νυμνωσίων
1324 1782 1392 1848 cap.
1407 1766 1473 1842 59,

281 1869 337 1935 nbi
350 1869 545 1934 Anacharsis
565 1888 604 1934 ex
618 1866 731 1932 Solone
747 1866 897 1950 quaerit:
925 1869 1127 1950 όΛυκοῦρνος
1147 1870 1179 1935 δὲ
1203 1867 1255 1935 uui
1278 1869 1371 1943 οιότός
1388 1870 1470 1948 ἐμοι·

281 1980 406 2054 ςινοῦτο
431 1974 499 2057 ἐφ’
533 1973 718 2051 ήλικίοις,
742 1973 759 2048 ή
783 1971 986 2052 ἐκπρόθεσμος
1008 1973 1046 2039 ἀν
1070 1974 1123 2051 ήδη
1146 1979 1200 2041 τοῦ
1220 1977 1336 2053 ἀγῶνος
1360 1976 1471 2056 ἀσφοι·

280 2087 341 2156 aas
371 2081 414 2147 τόν
447 2084 579 2146 τοιοοῦτοο
613 2077 847 2153 ε’νεκνιεόσοοτος
881 2076 939 2141 Cui
975 2076 1090 2145 Solon:
1124 2080 1304 2161 πρεσβύτης
1340 2081 1393 2158 ήδν
1431 2082 1472 2148 ὢν

282 2188 405 2269 ἔνροιήοε
428 2187 497 2259 τοὺς
519 2183 626 2264 νόμους
650 2187 755 2256 κότοῖς
780 2184 931 2263 Κρήτηθεν
964 2184 1165 2266 ἀφικόμενος.
1215 2185 1267 2251 sio
1292 2187 1342 2252 ε’τί
1368 2187 1472 2262 νεότή-

280 2319 331 2367 τος
367 2292 487 2377 legitur
518 2292 551 2355 in
584 2287 808 2374 Aristophanis
844 2288 937 2374 Vesp.
980 2309 1026 2356 vs.
1055 2296 1153 2357 1199.
1189 2299 1221 2358 ei
1256 2291 1288 2355 in
1326 2292 1468 2361 Acharn.

281 2421 328 2466 vs.
350 2402 434 2463 214:
459 2399 512 2463 οὐκ
537 2394 575 2460 ἀν
599 2395 651 2460 ἐτ’
674 2395 751 2473 ἐμήν
774 2418 813 2472 νε
838 2393 987 2468 νεότητος.
1037 2395 1228 2462 Rectissime
1249 2399 1392 2483 reposuit
1416 2399 1470 2466 ἐτί

280 2507 379 2588 γήρως
413 2523 469 2589 pro
501 2501 552 2566 ε’τὶ
585 2502 668 2583 νήρορ
699 2497 903 2582 Hirschigins
933 2499 966 2563 in
1001 2499 1095 2587 Vosp.
1129 2520 1175 2566 vs.
1202 2506 1298 2568 1165.
1352 2502 1471 2571 Emen-

280 2611 354 2675 dare
380 2609 539 2693 sor-iprum
570 2612 674 2670 exslat
698 2605 730 2669 in
752 2602 876 2688 oquin.
901 2624 947 2669 vs.
971 2607 1046 2670 524.
1072 2606 1122 2671 ε’τί
1146 2608 1245 2688 γήρως
1268 2610 1301 2674 οὐ
1328 2609 1392 2691 aaa
1414 2610 1470 2694 ἐφ’

279 2713 368 2796 irae.
549 2800 550 2803 Ἴ

326 2818 415 2902 Quod
441 2819 645 2906 reposuimus
676 2838 708 2903 p.
730 2821 794 2902 58,
819 2820 859 2882 9;
896 2817 998 2885 aaran
1029 2820 1164 2895 ἀόλήτήν
1189 2820 1381 2896 ἕλλήνοδίκής
1410 2822 1471 2902 μίν

280 2953 327 3002 τις
347 2928 364 3003 ή
386 2926 574 3008 ἀμφικτόων
603 2925 859 3006 ἐκκρίνουσιν
889 2924 953 2990 ἀττό
977 2929 1035 2989 τῶν
1057 2926 1196 3003 τοιῶνδε,
1222 2947 1280 3012 pro
1299 2927 1469 3008 κρίνουσιν,

279 3030 525 3100 confirmabitur
546 3029 745 3095 memorabili
769 3029 838 3094 loco
862 3029 995 3094 Luciani
1012 3030 1085 3111 ὑπὲρ
1109 3031 1168 3096 τῶν
1184 3030 1302 3097 εἰκόνων
1326 3051 1397 3118 oap.
1411 3033 1467 3099 xl.

279 3140 378 3205 ἀκοόω
414 3143 535 3202 πολλῶν
574 3136 728 3213 λεγόντων
766 3135 839 3214 μηδ’
869 3136 1084 3214 Ὀλυμττίκσιν
1114 3135 1226 3213 ἐξεῑνοιι
1263 3144 1326 3210 τοῖς
1367 3144 1469 3204 νικῶσι

278 3244 400 3325 μείζους
425 3249 483 3306 τῶν
509 3239 825 3319 omniumomniuni
849 3241 920 3311 τοὺς
947 3240 1130 3321 ἀνδριάντοις
1154 3243 1231 3308 ἀλλ’
1250 3243 1470 3322 ε’τιιμελεῖσόονι

278 3349 349 3422 τοὺς
370 3346 594 3418 Ἑλλωνοδίκοις
616 3342 695 3417 ότιιος
724 3343 801 3423 μηδὲ
830 3339 873 3415 εἷς
893 3345 1121 3425 ὑτερβοιλεῖτοοι
1154 3348 1209 3422 τήν
1236 3348 1383 3424 ἀλήόειοου
1413 3347 1468 3415 uui

243 3453 251 3461 ⁵
279 3455 333 3529 τήν
354 3451 494 3529 ἕξέτοισιν
517 3456 575 3515 τῶν
599 3448 782 3532 ἀνδριάντων
804 3450 1006 3532 ἀκριβεςέροιν
1043 3451 1088 3541 (L.
1117 3451 1323 3540 ἀκριβὲςερον)
1357 3452 1467 3532 γίγνε-

279 3562 348 3624 σόοιι
386 3566 457 3633 τής
489 3564 562 3622 τῶν
606 3558 792 3630 ἀόλήτάν
827 3556 1061 3637 ε’νκρίσεως.
1116 3559 1368 3644 Appellabaniur
1407 3557 1469 3626 hae

279 3672 405 3730 statuae
435 3661 547 3733 εἰκόνες
577 3662 644 3726 sive
670 3660 845 3742 ἀνδριάντες
878 3662 1163 3745 Ξσομέτρήτοι,
1196 3663 1234 3730 de
1259 3663 1377 3750 quihus
1400 3663 1466 3730 rid.

279 3766 450 3857 Wytienb.
476 3766 516 3831 ad
539 3765 722 3850 Eunapimn
748 3786 778 3851 p.
800 3769 876 3831 522.

326 3875 412 3939 Scire
445 3872 568 3937 dimum
605 3879 654 3936 est
686 3890 716 3956 p.
742 3875 802 3948 56,
828 3876 866 3937 9:
896 3875 933 3946 ὡς
967 3874 1048 3952 μήτε
1073 3874 1087 3938 ὁ
1110 3874 1275 3954 νυμνοιςήε
1311 3874 1467 3956 ψεύσοιντο

279 3981 361 4060 μήτε
389 3982 406 4054 ή
438 3980 539 4058 μήτήρ
560 3978 719 4058 ψευσόείν.
768 3976 892 4042 Habent
925 3987 1031 4044 lamen
1063 3977 1140 4045 haec
1170 3980 1325 4046 incertam
1351 3977 1469 4059 iidem,

281 4103 420 4169 namque
448 4084 560 4171 Mynas
591 4083 680 4168 prius
714 4081 846 4149 dederas
877 4086 916 4156 ἀς
944 4084 1025 4161 μήτε
1053 4085 1067 4148 ό
1100 4087 1286 4164 νυμνοοστής
1319 4086 1468 4166 ψευσόείή

281 4193 333 4259 aa}
357 4193 412 4268 τήν
428 4190 547 4271 μήτόροο
570 4189 680 4268 μοιόεῑν
700 4188 742 4254 τόν
762 4189 911 4255 ε’τιινίκειοι
937 4188 1023 4278 (sic),
1048 4190 1165 4275 quihus
1191 4199 1298 4277 postea
1321 4189 1375 4256 illa
1393 4189 1470 4257 suh·

281 4298 411 4376 stituit,
437 4315 519 4382 quae
543 4297 569 4362 si
592 4294 631 4361 de
662 4314 721 4360 suo
746 4294 840 4359 finxit
871 4296 952 4361 sciro
976 4313 1012 4358 ao
1041 4304 1174 4362 venuste
1203 4295 1315 4372 finxit,
1341 4295 1391 4362 sin
1413 4315 1470 4363 au·

281 4415 345 4471 lons
377 4404 409 4469 in
438 4401 552 4469 GodIce
580 4409 708 4468 exstant
736 4401 791 4469 sed
826 4421 888 4466 non
917 4401 980 4466 nisi
1010 4398 1183 4468 difficulter
1214 4401 1366 4469 extricari
1399 4421 1471 4490 pos·
