3270 5190
796 441 838 503 156

269 612 304 684 lu
327 615 446 682 uicinia
471 633 568 682 novae
589 613 703 681 turbae
726 623 758 680 ot
782 620 873 679 atrac
895 611 1044 679 tenebrae
1065 610 1266 680 oboriuntur.
1297 613 1417 680 Trans·

224 719 311 786 imus
343 720 429 786 enim
458 721 576 786 iterum
611 740 648 787 ex
680 717 848 805 splendore
871 715 1102 784 Philostrateae
1129 717 1298 797 dictionis,
1331 738 1417 806 quae

224 825 360 890 comtior
383 824 512 911 quidem
538 832 586 892 est
612 832 644 891 et
666 822 845 890 affectatior
876 820 930 886 sed
961 824 1152 907 perspicua,
1188 823 1223 888 in
1251 843 1415 897 commen·

223 934 330 995 torum
354 929 536 1012 caliginem.
585 928 619 995 Si
643 929 716 1015 quis
740 927 807 992 vult
833 926 966 1012 perdere
996 947 1124 1012 operam
1153 937 1260 994 sumat
1284 928 1346 994 sibi
1374 929 1414 995 ad

224 1034 502 1120 interpretandum
533 1033 611 1099 baec
645 1031 741 1098 verba
772 1053 801 1117 p.
824 1035 888 1107 56,
914 1035 976 1096 18:
1015 1027 1071 1105 Οίς
1097 1033 1129 1097 δὲ
1148 1031 1187 1097 ἂν
1208 1035 1336 1112 βαθεῖαι
1361 1034 1413 1100 τύ-

223 1165 304 1222 χωσι
328 1139 380 1204 καί
410 1140 665 1218 ἐπικυμαίνουσαι
688 1137 913 1216 ἕκίερμαίνουοι
942 1136 1060 1210 τούτοις
1084 1137 1119 1202 τὸ
1143 1138 1237 1204 εὔδιοι
1260 1146 1319 1204 τῶν
1343 1163 1414 1220 χει-

223 1249 278 1326 ρῶν
310 1249 435 1323 πνεῦμα
470 1243 580 1333 (·elles
604 1240 788 1308 echaulient
816 1238 845 1306 le
878 1261 1015 1326 pneuma
1048 1240 1132 1306 tiede
1164 1241 1221 1307 des
1253 1245 1412 1330 mains'')

224 1349 350 1416 καὶτὸν
378 1350 535 1432 βραχίονα
560 1347 746 1430 προυκίντυν
773 1346 830 1424 μὲν
856 1344 1074 1426 ὑπονεοίζουοι·
1108 1346 1274 1427 νεαζίντον
1302 1348 1334 1413 δὲ
1358 1351 1413 1425 λή-

223 1476 352 1533 γουσιν,
387 1455 521 1535 ὁρμητήν
552 1478 587 1518 τε
617 1453 782 1536 φαίνεσθαι
815 1450 867 1515 καὶ
896 1452 927 1515 ἐν
957 1451 1143 1534 ἐπαγγελία
1175 1450 1292 1526 τοίλνς.
1352 1453 1413 1518 Vin

224 1559 303 1626 baec
336 1561 406 1626 sine
431 1559 589 1642 uertigine
617 1556 688 1642 lego
719 1564 751 1622 et
774 1554 930 1622 describo.
977 1555 1063 1621 Nihil
1093 1576 1145 1621 me
1178 1566 1303 1623 recreat
1335 1555 1414 1624 haee

224 1664 469 1749 interpretatio:
508 1670 612 1728 »cette
643 1662 865 1726 circonstance
894 1660 1035 1746 rajeunit
1068 1658 1096 1726 le
1128 1660 1202 1727 brar
1226 1660 1334 1747 quand
1367 1661 1414 1728 les

225 1768 363 1834 athletos
395 1774 619 1832 commearent
651 1765 730 1831 aise
763 1763 842 1830 laire
869 1765 983 1838 vieux;
1017 1765 1116 1843 mais,
1140 1765 1248 1851 quand
1277 1765 1317 1831 ils
1340 1774 1414 1832 sont

221 1873 358 1960 jeunes,
391 1870 450 1936 elle
484 1868 530 1935 les
558 1869 713 1955 empeche
737 1869 777 1935 de
800 1866 942 1955 paraitre
974 1869 1075 1955 pleius
1109 1870 1283 1950 d'ardeur,
1318 1871 1414 1938 etde

224 1976 363 2064 prendre
387 1974 548 2041 l’attitude
571 1975 627 2060 qui
654 1994 798 2040 annonce
823 1973 853 2039 la
885 1974 1003 2040 lutte.”
1051 1975 1109 2040 Ubi
1139 1977 1217 2041 estis
1249 1975 1413 2042 Gallorum

225 2084 300 2159 lilii,
326 2084 381 2170 qui
407 2080 622 2147 urbanissime
647 2078 804 2166 quidquid
828 2088 876 2145 est
900 2079 1066 2145 inficetum
1092 2088 1123 2146 et
1150 2080 1286 2146 stultum
1316 2079 1413 2147 dictis

224 2190 324 2256 veluti
346 2187 419 2254 telis
439 2186 599 2272 conligere
629 2185 762 2252 soletis?
811 2185 926 2252 Utrum
960 2185 1039 2250 haec
1068 2185 1300 2252 Philostratum
1332 2187 1414 2252 scri-

223 2298 325 2384 psisse
349 2316 389 2362 an
414 2295 543 2382 Mynam
569 2294 746 2359 somniasse
771 2291 917 2378 putatis?
964 2290 1052 2356 Nihil
1076 2299 1228 2356 accurata
1255 2298 1288 2357 et
1312 2291 1412 2358 solida

223 2401 414 2469 Graecitatis
447 2397 659 2482 intelligentia
688 2417 768 2483 opus
802 2404 871 2472 est,
908 2396 987 2460 satis
1011 2403 1059 2461 est
1089 2399 1133 2476 μὴ
1165 2402 1265 2471 κακῶς
1290 2402 1410 2479 φρονεῖν

222 2517 260 2574 ut
282 2507 321 2572 do
345 2506 396 2570 his
419 2503 574 2569 iudicium
600 2500 722 2567 ieratis.
771 2499 832 2565 Sed
861 2498 965 2566 refero
987 2500 1124 2584 gradum
1148 2500 1189 2566 ad
1211 2521 1247 2567 ea
1271 2521 1354 2588 quae
1378 2503 1411 2567 in

224 2610 407 2700 apographo
430 2609 548 2673 omissa
577 2607 610 2670 in
640 2606 754 2692 llyuae
785 2604 925 2670 editione
948 2606 1089 2691 primum
1125 2606 1315 2692 prodierunt
1339 2627 1411 2694 pag.

224 2723 286 2795 56,
314 2720 365 2790 16.
392 2716 476 2779 inter
499 2715 613 2794 εὐρεῖαι
635 2710 759 2793 φλέβες
783 2719 815 2776 et
838 2708 937 2792 ὥσπερ
961 2713 987 2776 οἱ
1011 2713 1106 2792 κιροοί
1129 2711 1316 2778 exciderant
1338 2733 1412 2799 pro·

222 2831 295 2912 pter
321 2819 548 2900 ὃμοιοτέλευτον
575 2816 660 2899 'haec
688 2815 806 2882 verba:
850 2814 1015 2903 [ἄρχουσαι
1048 2819 1104 2895 μὲν
1134 2815 1169 2894 ἐξ
1192 2818 1324 2899 αὐχένος
1357 2821 1410 2885 καί

221 2930 321 3011 δίρριρς
348 2924 468 3016 (laipno)
504 2925 564 3003 μία
598 2922 779 3004 ἑκατέρωθεν
811 2923 965 3000 ἐπιβᾶσαι
998 2923 1029 2987 δὲ
1053 2928 1105 2987 τοῦ
1131 2923 1230 3002 ὤμου,
1262 2927 1410 2990 κατιῖοοιν

221 3035 273 3100 e’nl
302 3036 343 3098 τὼ
374 3040 482 3114 χεῖρε,
517 3030 665 3111 βραχίονί
694 3054 729 3094 τε
753 3028 806 3094 καὶ
838 3027 965 3101 ὠλέναις
998 3027 1222 3109 ἐμπρέπουσαν.
1272 3025 1330 3103 Οἷς
1352 3029 1410 3108 μὲν

221 3136 459 3216 δίρίτιτίλαιοί
481 3134 516 3199 τί
550 3137 607 3199 εἱσι
636 3133 688 3198 καί
721 3139 773 3198 τοῦ
805 3133 927 3213 μετρίου
953 3133 1175 3216 εὀιιφανίςεραι
1210 3133 1281 3199 οὔτε
1317 3135 1410 3217 ίοχιίν

220 3270 256 3311 τε
281 3245 353 3322 παρ’
386 3244 487 3306 αὐτῶν
517 3236 661 3318 ἄρνυνται
694 3236 746 3300 καί
779 3237 883 3309 οίνδεῖς
913 3237 985 3303 ἰδεῖν
1018 3234 1087 3303 aide
1118 3238 1240 3321 φλέβες
1251 3239 1273 3326 ,]
1311 3238 1411 3322 ὥσπερ

220 3352 247 3414 οἱ
271 3345 375 3428 ιιιροοί.
424 3342 509 3408 llaec
544 3342 645 3424 igitur
671 3339 796 3405 Editori
821 3356 837 3404 e
862 3338 982 3405 scholio
1015 3343 1046 3404 in
1078 3343 1223 3427 margine
1248 3343 1411 3430 adscripto

220 3452 389 3537 irrepsisse
420 3446 580 3515 videntur.
629 3444 733 3510 »Cotto
756 3445 938 3522 addition,”
972 3447 1101 3532 inquit,
1140 3447 1185 3536 (in
1212 3447 1311 3534 prael.
1338 3470 1408 3535 pag.

220 3555 313 3643 xvu.)
338 3577 357 3620 ο
379 3563 477 3619 tontes
497 3551 542 3616 les
573 3551 692 3616 ollares
714 3551 807 3615 d’unc
836 3549 952 3616 ιοίιοίιο
976 3552 1186 3637 ιιοοορίοιοίο.”
1232 3553 1311 3618 Mihi
1337 3575 1409 3621 con·

219 3673 270 3729 tra
296 3660 433 3726 videtur.
483 3657 694 3722 Philostratea
727 3665 822 3734 sunt,
855 3655 1055 3734 melodice,
1087 3659 1194 3723 omnia
1218 3657 1274 3724 sed
1295 3659 1410 3748 lllpnae

220 3767 386 3835 erroribus
410 3765 534 3830 uitiata.
584 3762 664 3828 Vide
688 3782 785 3848 quam
810 3771 883 3848 apte
907 3782 994 3828 nunc
1016 3773 1263 3830 connectantur:
1289 3762 1332 3840 οἷς
1352 3767 1409 3845 μὲν

220 3876 256 3950 δὴ
280 3872 457 3938 ἕτοτίλαιοί
479 3895 514 3935 τε
540 3868 614 3935 eicio
641 3869 687 3957 (αἱ
722 3867 858 3956 φλέβες)
884 3868 937 3933 καί
962 3874 1015 3934 τοῦ
1039 3869 1163 3951 μετρίου
1187 3871 1409 3955 ἕτιφανέςεραι

221 3986 272 4045 et:
297 3975 339 4051 οἷς
364 3978 396 4042 δὲ
419 3975 457 4039 oin
484 3976 610 4053 βαθεῖαι
635 3975 755 4054 τύχωσι
782 3975 833 4040 καί
858 3976 1238 4055 ὑποκυμαίνουοαι,
1263 3997 1338 4042 nam
1363 3978 1410 4043 sic

220 4104 278 4170 pro
300 4081 555 4161 ἐτικυμαίνουοαι
580 4078 815 4145 emendandum
845 4100 914 4146 esse
947 4081 1015 4166 ipsa
1039 4082 1196 4166 oppositio
1220 4081 1356 4161 clamat,
1378 4091 1411 4148 et

220 4189 368 4256 lubenter
403 4184 618 4250 Philostratus
642 4185 739 4250 verbo
763 4187 979 4265 ὑποκυμαίνειν
1008 4187 1055 4252 uti
1077 4186 1166 4252 solet.
1214 4187 1410 4274 Recipieuda

221 4297 323 4380 igitur
356 4292 433 4358 bueo
457 4310 592 4368 censeo,
617 4289 671 4357 sed
703 4289 756 4356 hic
781 4290 846 4356 illio
878 4290 1066 4358 emendata:
1092 4293 1218 4377 corrige
1240 4294 1326 4358 enirn
1349 4318 1409 4359 κα·
1450 4356 1452 4360 .

220 4406 381 4466 τιοῒιοαι
406 4398 444 4465 δὲ
468 4398 573 4464 ἕτὶτὼ
594 4407 680 4480 χεῖρε
702 4418 760 4484 pro
782 4401 927 4463 uuerden
942 4397 1033 4463 nihili
1057 4397 1218 4463 uocabulo.
1249 4397 1408 4464 Graecum

221 4515 268 4572 cst
290 4506 434 4571 κατίασιν
447 4504 631 4570 descendent
651 4502 701 4568 vel
719 4503 860 4568 καθιᾶσιν
880 4503 1054 4568 ιίοιιιίίίιιιιί.
1086 4502 1206 4569 Deinde
1225 4502 1295 4569 οὕτε
1316 4506 1410 4586 ἰσχύν
