3270 5190
966 427 1006 487 84

393 591 547 681 descripsi
573 601 675 661 totum
709 595 837 675 locum,
872 607 905 664 ut
937 604 1103 684 appareret
1128 595 1191 679 γάρ
1214 617 1270 683 pro
1302 595 1360 676 μέν
1392 616 1461 662 cssc
1490 617 1585 685 repo·

392 700 532 766 nendum
558 702 621 766 sic:
656 704 827 786 Πυθοκρίτῳ
848 704 925 786 γὰρ
949 703 1076 783 γέγονεν
1100 702 1168 768 cirri
1191 703 1305 768 τούτων
1329 704 1393 768 uri.

439 804 499 871 Sed
529 826 660 873 manum
687 808 726 873 de
750 808 879 874 tabula:
916 807 998 873 lacio
1022 809 1084 873 iam
1119 807 1293 873 annotandi
1323 806 1417 873 tinem
1451 817 1483 872 ct
1508 807 1583 872 Pbi-

390 908 517 976 lostrati
549 912 686 998 lepidum
717 934 832 979 novom
869 913 1011 979 libellum
1044 912 1083 978 de
1117 914 1265 978 manibus
1297 912 1429 999 depono.
1493 912 1583 978 Satis

390 1012 471 1079 mihi
507 1015 744 1084 demonstrasse
778 1017 889 1083 videor
926 1016 1027 1082 multo
1063 1016 1248 1103 lepidiorem
1291 1017 1390 1083 luisse
1427 1015 1580 1083 loturum

390 1119 453 1183 nisi
477 1119 699 1189 fraudulenter
725 1124 843 1210 passim
877 1121 1088 1209 interpolatus
1111 1130 1143 1187 ct
1169 1122 1262 1208 paulo
1288 1121 1448 1187 indoctius
1472 1123 1505 1186 in
1533 1122 1580 1187 lu-

390 1244 460 1290 cem
487 1225 592 1292 editus
620 1226 743 1295 suisset.
792 1228 837 1294 De
861 1228 955 1315 Myna
979 1227 1056 1313 quid
1083 1226 1215 1292 dicam?
1252 1228 1358 1293 Etiam
1389 1228 1422 1292 in
1451 1227 1580 1293 littera·

388 1348 462 1395 rum
488 1331 605 1398 studiis
628 1334 672 1399 nil
697 1334 820 1401 homini
844 1331 904 1399 fide
927 1342 958 1398 et
988 1331 1146 1419 probitate
1174 1330 1267 1397 debet
1297 1353 1366 1398 csse
1399 1332 1578 1419 antiquius.

389 1433 426 1499 In
450 1435 636 1514 Editorem,
663 1459 859 1526 quamquam
883 1445 1032 1524 suscepto
1053 1438 1140 1524 operi
1162 1437 1340 1523 imparem,
1366 1437 1461 1503 nolim
1483 1437 1580 1524 quid-

389 1560 486 1626 quam
520 1543 746 1610 inclementius
780 1544 895 1610 dicere.
951 1542 1080 1608 Constat
1114 1543 1200 1607 inter
1233 1562 1343 1608 omnes
1378 1551 1580 1630 quantopere

389 1644 527 1714 Graecas
559 1648 685 1716 litteras
708 1658 794 1715 amet
825 1648 907 1716 etsi
937 1648 1043 1713 minus
1075 1654 1122 1713 est
1154 1648 1185 1712 in
1219 1648 1258 1712 iis
1283 1650 1479 1714 exercitatus
1515 1668 1577 1714 non

389 1749 451 1836 ipsi
482 1753 585 1836 magis
609 1754 640 1819 id
675 1755 752 1820 vitio
782 1752 972 1820 vertendum
1006 1759 1055 1818 est
1080 1771 1175 1838 quam
1211 1751 1417 1838 temporibus.
1465 1752 1578 1819 Iacent

388 1854 473 1940 apud
494 1855 599 1923 Gallos
619 1879 730 1925 severa
750 1858 940 1945 philologiae
963 1858 1102 1924 Graecae
1122 1855 1228 1922 studia
1248 1865 1280 1923 et
1305 1858 1414 1942 inique
1435 1856 1467 1923 id
1490 1858 1580 1944 quod

389 1961 508 2026 caeteri
532 1982 643 2030 omnes
663 1964 797 2050 perinde
821 1971 954 2050 peccant
975 1962 1031 2027 uni
1051 1961 1275 2048 exprobratur.
1323 1962 1373 2026 Tu
1393 1961 1472 2026 milri
1497 1962 1578 2029 haec

388 2064 542 2132 scribenti
569 2068 732 2136 obversari
759 2068 898 2146 solebas,
928 2069 974 2134 mi
995 2066 1165 2146 imbuere,
1189 2069 1244 2154 qui
1275 2066 1461 2149 ‘umentem
1484 2070 1579 2151 ὀργήν

388 2173 444 2236 τιν’
466 2170 547 2256 ἔχων
571 2173 691 2241 nullius
717 2175 836 2241 auxilio
866 2172 997 2240 adiutus
1029 2193 1103 2238 cum
1132 2172 1263 2240 levitate
1288 2181 1320 2239 et
1350 2172 1478 2237 inscitia
1514 2171 1579 2237 bel·

386 2273 454 2342 lum
486 2298 549 2344 non
582 2280 805 2346 intermissum
840 2280 947 2365 geris,
980 2278 1012 2342 in
1049 2296 1112 2363 qua
1145 2298 1180 2345 re
1208 2275 1411 2365 popularium
1444 2285 1578 2342 tuorum

387 2380 558 2449 candorem
581 2391 612 2450 et
635 2384 767 2451 solidam
792 2384 1007 2450 eruditionem
1035 2381 1194 2449 indefesso
1217 2382 1324 2448 labore
1350 2389 1474 2468 partam
1500 2401 1577 2447 cum

387 2488 549 2556 Gallorum
580 2490 687 2576 lepore
718 2496 750 2555 et
780 2487 954 2554 festivitate
986 2495 1018 2554 et
1051 2489 1188 2554 sanitate
1222 2487 1358 2554 feliciter
1389 2487 1576 2572 coniungis,

387 2593 575 2662 Plaudimus
599 2594 659 2659 tibi
681 2614 790 2660 omnes
819 2592 937 2679 quibus
960 2612 1035 2659 rora
1058 2611 1094 2656 ac
1119 2612 1230 2658 severa
1256 2592 1483 2658 humaniorum
1511 2592 1578 2657 Lit-

385 2708 529 2766 terarum
563 2699 671 2765 studia
702 2707 778 2765 sunt
811 2719 909 2765 curae
941 2694 1104 2782 cordique.
1154 2697 1310 2784 Equidem
1347 2705 1418 2762 tuos
1452 2695 1579 2762 libellos

385 2804 495 2891 legens
520 2805 758 2888 ἐπιφθέγγομαιί
780 2829 824 2871 cci
847 2806 882 2871 τὸ
905 2801 1090 2884 Ὁμηρικόν·

520 2909 622 2977 Boibb'
645 2908 738 2986 οὕτως
759 2909 795 2976 ot
816 2909 866 2976 κέν
884 2935 913 2976 τι
938 2906 1020 2991 <boloe
1044 2908 1257 2991 Fcbdrpor
1283 2908 1403 2986 γένηαι.

431 3014 542 3081 lmbue
568 3023 696 3102 gentem
721 3012 859 3102 lepidam
883 3021 915 3080 et
934 3011 1102 3078 amabilem
1130 3013 1186 3079 tali
1208 3014 1353 3079 doctrina
1382 3010 1512 3098 qualem
1542 3014 1578 3078 in

385 3130 495 3186 nostra
517 3128 653 3208 uterque
677 3122 780 3207 patria
802 3118 841 3184 ab
862 3120 995 3186 ineunte
1026 3125 1130 3184 aetate
1159 3117 1355 3184 imbibimus.
1403 3117 1467 3182 Fac
1493 3115 1579 3182 Galli

385 3225 522 3292 Graecos
542 3247 604 3291 non
624 3233 751 3292 tantum
774 3230 900 3303 ament,
924 3224 979 3290 scd
999 3230 1073 3289 ante
1092 3224 1200 3289 omnia
1221 3222 1413 3307 intelligant.
1439 3220 1577 3301 Quando

384 3330 483 3397 semel
508 3331 551 3396 rb
573 3329 657 3397 arira
686 3329 881 3412 ἰσχυρότατα
913 3335 1010 3394 erunt
1037 3325 1142 3405 lacta,
1175 3336 1291 3394 natura
1324 3327 1392 3413 ipsa
1427 3325 1578 3412 perficiet

383 3434 526 3522 reliqua,
562 3454 665 3522 neque
701 3433 822 3502 videbit
855 3431 956 3500 Gallia
988 3432 1127 3520 amplius
1162 3433 1334 3501 editionem
1363 3431 1438 3497 buic
1475 3450 1576 3517 quarn

383 3540 649 3628 reprehendimus
673 3541 822 3608 similem.

429 3646 519 3728 Quod
541 3646 580 3713 ad
603 3645 833 3713 Philostratum
864 3646 970 3732 ipsum
995 3644 1111 3710 attinet
1132 3664 1168 3710 ex
1192 3642 1292 3709 animi
1317 3641 1476 3710 sententia
1500 3640 1578 3706 Edi·

384 3755 464 3819 toris
485 3751 581 3818 verba
605 3772 676 3819 mea
704 3751 806 3830 lacio,
831 3770 913 3838 quae
937 3750 1044 3836 posuit
1071 3750 1106 3814 in
1134 3748 1237 3814 Pracl.
1270 3768 1301 3834 p.
1326 3768 1421 3813 xxm:

429 3859 518 3925 »J’en
549 3858 671 3944 appelle
694 3857 733 3924 de
758 3865 830 3922 tous
859 3875 929 3921 mes
958 3875 1058 3922 voeux
1087 3854 1106 3920 a
1136 3874 1178 3920 un
1200 3853 1279 3941 juge
1311 3854 1382 3919 bien
1416 3850 1578 3929 informe,

383 3983 424 4030 au
447 3965 620 4031 manuscrit
642 3963 746 4031 decrit
770 3982 828 4050 par
858 3961 898 4028 Μ.
923 3961 1061 4036 Minoide
1086 3960 1218 4047 biynes,
1250 3958 1331 4026 dans
1366 3958 1394 4024 lc
1419 3954 1581 4023 Monitcur

381 4070 423 4134 du
449 4071 610 4156 bjoooier
634 4071 753 4136 1844.”
