3270 5190
802 403 840 464 31

221 579 283 644 luit
314 576 443 653 dicere,
478 575 534 642 sed
565 592 626 641 non
652 572 771 660 legitur
794 574 827 641 id
850 593 937 640 nunc
973 573 1005 637 in
1038 571 1180 638 Graecis.
1229 573 1322 655 Ὑπὲρ
1357 578 1410 640 τοῦ

221 685 360 766 ἐρρῶσθαι
385 682 420 747 τὸ
444 688 536 760 σῶμα
561 680 743 766 significat:
775 690 810 745 nt
834 681 896 745 sint
920 697 1051 764 corpore
1075 677 1196 743 valido:
1232 664 1412 765 requiritur

217 798 383 875 propterea
396 788 477 873 quod
489 806 623 873 corpore
643 786 747 853 valido
760 793 877 853 essent.
902 786 1013 870 ltaque
1027 804 1084 870 pro
1103 784 1177 866 ὑπέρ
1192 786 1410 850 necessarium

220 902 269 959 est
294 892 354 958 ὑπθ
379 893 567 958 restituere:
594 894 665 959 ὑπὸ
694 897 748 960 τοῦ
778 892 919 974 ἐρρῶσθαι
945 892 979 956 τὸ
1001 896 1112 968 σῶμα,
1139 889 1410 974 quemadmodum

221 1008 253 1064 et
275 997 353 1063 alibi
376 996 592 1064 Philostratus
617 997 761 1085 loquitur
785 1005 816 1063 et
847 1017 878 1083 p.
900 1000 964 1073 94,
993 1003 1031 1059 1:
1065 996 1216 1073 αννβήσει
1250 994 1293 1060 rol
1317 994 1411 1063 ςθδια

221 1106 294 1170 ὑπὸ
318 1108 372 1169 τοῦ
394 1100 428 1169 εὖ
449 1104 632 1186 γυμνάζειν.
682 1103 743 1170 Sed
765 1122 801 1169 ea
823 1105 891 1190 ipsa
912 1101 1024 1177 lectio,
1048 1121 1145 1186 quarn
1166 1100 1204 1165 de
1226 1101 1411 1165 coniectura

220 1210 447 1288 restituimus,
480 1218 512 1276 et
546 1211 578 1276 in
604 1208 787 1297 apographo
820 1216 870 1274 est
903 1215 935 1272 et
967 1225 1006 1271 ex
1031 1206 1099 1290 ipso
1123 1205 1237 1271 Codice
1265 1224 1283 1269 a
1315 1205 1412 1294 Myna

220 1314 378 1391 allertur,
405 1316 461 1400 qui
486 1315 575 1400 prior
598 1314 760 1380 infelicem
785 1309 1078 1378 correctiunculam
1101 1308 1175 1390 ὑπέρ
1200 1312 1410 1395 excogitavit,

221 1439 318 1505 quarn
340 1419 470 1488 incaute
494 1418 608 1483 Editor
630 1419 796 1503 probaram
821 1416 943 1501 recepit
967 1413 1003 1502 ¹).

267 1522 304 1586 ln
329 1523 370 1586 iis
394 1541 477 1606 quae
499 1523 652 1587 continuo
675 1532 857 1608 sequnntur
884 1519 987 1586 multa
1011 1524 1089 1583 sunt
1112 1538 1174 1583 non
1199 1526 1326 1586 tanturn
1352 1520 1412 1586 im·

224 1625 332 1712 pedita
351 1634 384 1692 et
408 1625 564 1704 obscura,
588 1627 643 1692 sed
665 1648 796 1714 prorsus
819 1625 987 1701 θδιανθντα
1011 1631 1043 1689 et
1062 1624 1272 1712 conclamata.
1320 1627 1411 1692 blodo

223 1730 378 1817 quaedam
408 1731 563 1797 excidisse
587 1742 740 1817 apparet,
772 1732 865 1798 modo
893 1739 1096 1818 praepostere
1119 1728 1203 1796 lecla
1235 1741 1267 1797 et
1289 1738 1411 1800 temere

222 1835 390 1922 suppleta,
422 1856 496 1901 nam
537 1836 673 1902 subinde
702 1857 840 1923 agnosco
871 1838 985 1926 blynae
1017 1835 1140 1901 stilum.
1191 1836 1252 1900 Vix
1283 1858 1411 1904 summa

221 1943 425 2008 contentione
450 1961 488 2007 ex
512 1941 573 2008 hoc
595 1963 693 2008 coeno
717 1943 884 2028 exsculpas
908 1963 970 2006 non
996 1940 1072 2026 quid
1095 1941 1245 2026 Sophista
1269 1941 1408 2022 dixerit,

220 2043 275 2110 sed
300 2046 430 2111 omnino
455 2067 517 2133 qua
542 2048 580 2115 de
600 2068 636 2114 re
655 2048 777 2133 aliquid
803 2048 932 2112 dixerit.
980 2046 1039 2112 Ubi
1069 2046 1198 2111 tandem
1231 2050 1410 2114 sententiae

169 2215 170 2218 ,
220 2169 379 2216 summam
408 2151 633 2238 indagaveris‚
672 2155 726 2219 vix
752 2161 858 2218 tamen
883 2151 937 2217 illo
972 2151 1072 2217 veluti
1105 2149 1158 2215 lilo
1189 2151 1348 2218 Ariadneo
1371 2173 1410 2220 ex

219 2255 354 2321 vitiosae
374 2258 530 2325 orationis
552 2257 737 2346 labyrintho
761 2259 882 2323 exitum
908 2258 1064 2323 invenias.
1113 2256 1178 2321 Hoc
1210 2259 1322 2343 ulique
1355 2278 1409 2346 ap·

219 2370 310 2447 paret
338 2383 409 2448 pag.
432 2367 494 2438 44,
518 2367 549 2428 9.
582 2361 813 2429 Philostratum
838 2363 899 2428 sihi
923 2363 1142 2449 quaestionem
1169 2361 1251 2428 hanc
1275 2382 1406 2448 ponere:

219 2475 283 2542 πῶς
307 2471 521 2548 βασανιοῦμεν
544 2470 600 2545 τέρα
621 2468 751 2551 σποράν,
775 2490 870 2555 quum
888 2476 1033 2553 parentes
1054 2468 1116 2554 ipsi
1133 2469 1165 2532 in
1182 2490 1218 2534 οο
1238 2469 1409 2554 contritione

220 2584 250 2640 et
274 2575 457 2659 probatione
483 2596 544 2639 non
572 2575 703 2640 odoini?
738 2594 833 2661 quam
868 2575 913 2639 ita
943 2572 1037 2639 solvil
1066 2581 1102 2638 nt
1138 2572 1225 2638 dicat
1257 2593 1295 2638 ex
1329 2574 1408 2660 ipsis

220 2678 415 2745 alhletarnm
444 2679 631 2764 corporibus
652 2679 691 2746 de
713 2687 885 2767 parentum
905 2678 1088 2744 valetudine
1112 2686 1143 2743 et
1168 2676 1281 2742 robore
1302 2685 1334 2742 et
1357 2697 1408 2744 ae·

219 2792 287 2850 lale
311 2785 530 2850 coniecturam
556 2784 624 2850 fieri
647 2792 680 2849 et
703 2805 795 2870 posse
816 2792 849 2850 et
870 2791 1026 2870 oportere.
1075 2783 1208 2848 Praeter
1233 2803 1333 2848 unum
1359 2784 1408 2847 vi-

221 2889 303 2955 lium
335 2910 412 2955 sana
444 2899 520 2954 sunl
544 2888 643 2955 haec:
680 2890 710 2962 ἐς
734 2890 837 2964 εὔηθες
861 2889 923 2968 γὰρ
948 2889 1127 2953 ἐκπεσεῖται
1153 2889 1166 2952 ὃ
1189 2887 1282 2965 λόγος
1306 2889 1331 2952 εἰ
1356 2889 1407 2953 τὸν

219 2998 356 3071 nidhardo
381 2994 559 3078 ἐφεςκκέτα
594 2996 647 3071 ἤδη
683 2995 725 3077 τῷ
761 2995 854 3077 sablo
888 2995 939 3060 uod
975 2999 1027 3059 τοῦ
1052 2993 1168 3058 κοτίνου
1201 3019 1237 3059 τε
1267 2993 1319 3058 καὶ
1351 3001 1406 3069 τῆς

220 3101 340 3185 holthem
362 3101 510 3183 ἐχόμενον
531 3102 561 3173 ἐς
574 3101 626 3165 τὸν
643 3100 765 3182 πατέρα
778 3103 799 3165 οξ
810 3124 855 3164 να
866 3101 891 3178 β
900 3122 921 3163 α
931 3112 951 3164 lt
961 3114 980 3164 λ
992 3097 1008 3163 ό
1016 3124 1041 3177 μ
1052 3101 1120 3164 εθα
1145 3099 1196 3164 καὶ
1220 3100 1275 3174 ebo
1287 3099 1408 3180 ματέρα

219 3205 313 3288 τοέχα
337 3232 397 3272 ποιι
420 3206 472 3272 καὶ
497 3208 664 3280 τεθνεῶτας
697 3206 747 3272 ἐπὶ
772 3206 878 3288 lonlei.
927 3203 1179 3270 describendum
1206 3214 1255 3270 est
1284 3207 1408 3284 ἀναβα-

220 3312 378 3393 λούμεθα,
403 3333 476 3377 narn
506 3321 632 3378 certum
660 3320 708 3378 est
728 3316 872 3400 [αθιινιιοκ
897 3311 1030 3396 requiri.
1079 3310 1225 3386 Absurda
1246 3329 1298 3376 res
1327 3312 1407 3388 erit,

220 3416 349 3503 inquit,
378 3418 405 3483 si
430 3417 582 3484 athletam
614 3419 743 3482 iamiam
769 3418 801 3481 in
824 3424 987 3482 certamen
1019 3416 1250 3481 descensurum
1284 3415 1323 3480 ad
1356 3435 1409 3502 pa·

219 3530 305 3589 trem
329 3543 367 3590 ac
390 3531 526 3589 matrem
550 3524 743 3601 reiicienms,
768 3523 822 3606 qui
843 3520 979 3586 sortasse
1001 3520 1054 3585 illo
1079 3541 1179 3606 puero
1203 3522 1265 3585 iam
1288 3521 1409 3587 mortui

221 3636 307 3694 sunt.
356 3629 445 3710 Quod
471 3631 617 3714 sequitur
646 3635 715 3693 atra
740 3626 877 3709 caligine
901 3626 1086 3692 obvolutum
1119 3634 1188 3692 esl:
1225 3628 1408 3703 bribleio

221 3735 326 3816 κυρίαν
354 3734 575 3824 [ἐπεσκέφθαι]
609 3736 677 3800 καθ’
702 3728 735 3807 ἣν
760 3735 790 3805 ἐς
815 3734 933 3811 γυμνὸν
957 3733 1008 3798 τὸν
1044 3733 1179 3807 nidhardo
1203 3731 1408 3812 βλέψαντες,

220 3840 286 3906 οὐδὲ
309 3841 353 3907 τοὶ
376 3847 434 3907 τῶν
459 3841 611 3923 προγόνων
636 3839 815 3919 ἠγνοηκέναι
839 3837 965 3916 δόξομεν
992 3834 1050 3918 έπρι
1074 3838 1157 3917 αὐτῷ
1189 3836 1268 3918 ἔχει.
1319 3840 1410 3904 Prior

220 3964 295 4031 pars
320 3946 413 4032 plane
437 3966 534 4012 sensu
558 3953 648 4011 caret
671 3953 702 4011 et
725 3964 814 4011 mera
838 3963 907 4010 esse
928 3942 1080 4008 videnlur
1102 3942 1260 4008 Minoidea
1284 3944 1410 4031 supple-

220 4060 330 4118 menta
352 4061 384 4119 et
414 4053 503 4140 aegri
528 4052 662 4118 somnia.
710 4049 796 4116 Nihil
820 4069 858 4116 ex
884 4048 934 4115 his
959 4050 1080 4116 extrico
1104 4057 1232 4135 praeter
1252 4052 1289 4117 El
1310 4051 1343 4116 δέ
1364 4089 1411 4102 -

261 4347 289 4427 ’1)
321 4363 517 4426 Typolhetarum
538 4379 607 4412 error
627 4365 667 4410 esl
687 4362 713 4409 in
734 4359 894 4424 Daremborgi
915 4359 1020 4410 Praesal.
1051 4374 1077 4423 p.
1093 4370 1145 4406 1x1.
1166 4358 1193 4405 ln
1214 4356 1315 4408 verbis:
1337 4347 1411 4406 »ὑπὸ

219 4427 261 4506 (en
288 4444 467 4503 avertissent,
499 4459 589 4492 οονιιιιιο
610 4441 674 4490 dans
695 4443 720 4490 la
745 4444 835 4509 copie,
866 4441 934 4505 qu'a'l
945 4440 1031 4502 snut:
1060 4427 1145 4488 ὖπό.”
1166 4439 1215 4487 imo
1241 4455 1314 4490 vero:
1346 4439 1414 4506 qn’a‘l

218 4522 279 4575 [ιιιοθ
300 4511 381 4587 ὑπὲρ.
692 4527 693 4530 ’
