<?xml version="1.0" encoding="UTF-8"?>
<!DOCTYPE html PUBLIC "-//W3C//DTD XHTML 1.0 Transitional//EN"
    "http://www.w3.org/TR/xhtml1/DTD/xhtml1-transitional.dtd">
<html xmlns="http://www.w3.org/1999/xhtml" xml:lang="en" lang="en">
 <head>
  <title>
</title>
<meta http-equiv="Content-Type" content="text/html;charset=utf-8" />
  <meta name='ocr-system' content='tesseract 3.04.00' />
  <meta name='ocr-capabilities' content='ocr_page ocr_carea ocr_par ocr_line ocrx_word'/>
</head>
<body>
  <div class='ocr_page' id='page_1' title='image "./dephilostratili00cobegoog_0076.png"; bbox 0 0 3270 5190; ppageno 0'>
   <div class='ocr_carea' id='block_1_1' title="bbox 702 446 744 507">
    <p class='ocr_par' dir='ltr' id='par_1_1' title="bbox 702 446 744 507">
     <span class='ocr_line' id='line_1_1' title="bbox 702 446 744 507; baseline 0.024 -1"><span class='ocrx_word' id='word_1_1' title='bbox 702 446 744 507; x_wconf 83' lang='grc'>69</span> 
     </span>
    </p>
   </div>
   <div class='ocr_carea' id='block_1_2' title="bbox 91 616 1317 4598">
    <p class='ocr_par' dir='ltr' id='par_1_2' title="bbox 119 616 1317 2178">
     <span class='ocr_line' id='line_1_2' title="bbox 125 616 1317 702; baseline -0.014 -1"><span class='ocrx_word' id='word_1_2' title='bbox 125 644 186 702; x_wconf 65' lang='grc' dir='ltr'>κός</span> <span class='ocrx_word' id='word_1_3' title='bbox 217 617 416 699; x_wconf 75' lang='grc' dir='ltr'>’ἐτιτρώσκετο</span> <span class='ocrx_word' id='word_1_4' title='bbox 444 617 503 683; x_wconf 83' lang='grc' dir='ltr'>ὑπὸ</span> <span class='ocrx_word' id='word_1_5' title='bbox 536 623 594 683; x_wconf 78' lang='grc' dir='ltr'>τῶν</span> <span class='ocrx_word' id='word_1_6' title='bbox 620 616 909 699; x_wconf 62' lang='grc' dir='ltr'>ἀνταγωνιζομένων</span> <span class='ocrx_word' id='word_1_7' title='bbox 944 621 995 686; x_wconf 70' lang='grc' dir='ltr'>καὶ</span> <span class='ocrx_word' id='word_1_8' title='bbox 1029 620 1118 697; x_wconf 65' lang='lat' dir='ltr'>dulcor</span> <span class='ocrx_word' id='word_1_9' title='bbox 1155 621 1227 702; x_wconf 81' lang='grc' dir='ltr'><em>πρὸς</em></span> <span class='ocrx_word' id='word_1_10' title='bbox 1261 619 1317 685; x_wconf 84' lang='grc' dir='ltr'>τόν</span> 
     </span>
     <span class='ocr_line' id='line_1_3' title="bbox 122 713 1310 806; baseline -0.003 -14"><span class='ocrx_word' id='word_1_11' title='bbox 122 725 301 803; x_wconf 74' lang='grc' dir='ltr'><em>αειπόρνενον</em></span> <span class='ocrx_word' id='word_1_12' title='bbox 336 722 371 799; x_wconf 79' lang='grc' dir='ltr'>ἐξ</span> <span class='ocrx_word' id='word_1_13' title='bbox 405 726 506 789; x_wconf 80' lang='grc' dir='ltr'><em>αὐτῶν</em></span> <span class='ocrx_word' id='word_1_14' title='bbox 542 722 709 788; x_wconf 79' lang='grc' dir='ltr'><em>ἐπύκτευεν</em></span> <span class='ocrx_word' id='word_1_15' title='bbox 747 725 954 806; x_wconf 70' lang='grc' dir='ltr'>ἀπαγορεύειν</span> <span class='ocrx_word' id='word_1_16' title='bbox 991 727 1048 792; x_wconf 81' lang='grc' dir='ltr'>ὑπὸ</span> <span class='ocrx_word' id='word_1_17' title='bbox 1084 713 1216 802; x_wconf 77' lang='grc' dir='ltr'><em>πλήθους</em></span> <span class='ocrx_word' id='word_1_18' title='bbox 1252 731 1310 790; x_wconf 80' lang='grc' dir='ltr'>τῶν</span> 
     </span>
     <span class='ocr_line' id='line_1_4' title="bbox 120 827 1312 914; baseline -0.003 -18"><span class='ocrx_word' id='word_1_19' title='bbox 120 828 306 911; x_wconf 82' lang='grc' dir='ltr'><em>τραυμάτων</em></span> <span class='ocrx_word' id='word_1_20' title='bbox 327 828 492 908; x_wconf 81' lang='grc' dir='ltr'><em>ἐνομίζετο.</em></span> <span class='ocrx_word' id='word_1_21' title='bbox 518 828 573 893; x_wconf 81' lang='grc' dir='ltr'>καί</span> <span class='ocrx_word' id='word_1_22' title='bbox 596 830 621 893; x_wconf 82' lang='grc' dir='ltr'>οἱ</span> <span class='ocrx_word' id='word_1_23' title='bbox 645 831 696 893; x_wconf 84' lang='grc' dir='ltr'>τόν</span> <span class='ocrx_word' id='word_1_24' title='bbox 720 829 844 910; x_wconf 78' lang='grc' dir='ltr'><em>πατέρα</em></span> <span class='ocrx_word' id='word_1_25' title='bbox 865 831 982 910; x_wconf 72' lang='grc' dir='ltr'><em>βοῆσαί</em></span> <span class='ocrx_word' id='word_1_26' title='bbox 1005 838 1125 914; x_wconf 81' lang='grc' dir='ltr'><em>φασιν·</em></span> <span class='ocrx_word' id='word_1_27' title='bbox 1154 827 1194 894; x_wconf 78' lang='grc' dir='ltr'>»ὦ</span> <span class='ocrx_word' id='word_1_28' title='bbox 1219 835 1312 903; x_wconf 80' lang='grc' dir='ltr'><em>παῖ,</em></span> 
     </span>
     <span class='ocr_line' id='line_1_5' title="bbox 119 933 1316 1015; baseline -0.003 -15"><span class='ocrx_word' id='word_1_29' title='bbox 119 938 189 1011; x_wconf 75' lang='grc' dir='ltr'>τὴν</span> <span class='ocrx_word' id='word_1_30' title='bbox 218 935 293 1000; x_wconf 89' lang='grc' dir='ltr'>ἀπ’</span> <span class='ocrx_word' id='word_1_31' title='bbox 318 933 522 1015; x_wconf 87' lang='grc' dir='ltr'><em>ἀρότρου.”</em></span> <span class='ocrx_word' id='word_1_32' title='bbox 574 934 718 997; x_wconf 92' lang='lat' dir='ltr'>Primum</span> <span class='ocrx_word' id='word_1_33' title='bbox 745 933 826 998; x_wconf 94' lang='lat' dir='ltr'>mibi</span> <span class='ocrx_word' id='word_1_34' title='bbox 850 935 970 999; x_wconf 89' lang='lat' dir='ltr'>mirum</span> <span class='ocrx_word' id='word_1_35' title='bbox 992 935 1111 999; x_wconf 89' lang='lat' dir='ltr'>accidit</span> <span class='ocrx_word' id='word_1_36' title='bbox 1135 954 1194 999; x_wconf 88' lang='lat' dir='ltr'>cur</span> <span class='ocrx_word' id='word_1_37' title='bbox 1218 934 1316 998; x_wconf 90' lang='lat' dir='ltr'>bomo</span> 
     </span>
     <span class='ocr_line' id='line_1_6' title="bbox 119 1037 1310 1129; baseline -0.004 -22"><span class='ocrx_word' id='word_1_38' title='bbox 119 1040 287 1129; x_wconf 82' lang='lat' dir='ltr'><strong>Carystius</strong></span> <span class='ocrx_word' id='word_1_39' title='bbox 310 1039 409 1120; x_wconf 72' lang='grc' dir='ltr'><em>δωριςὶ</em></span> <span class='ocrx_word' id='word_1_40' title='bbox 442 1037 603 1122; x_wconf 84' lang='lat' dir='ltr'>loquatur.</span> <span class='ocrx_word' id='word_1_41' title='bbox 651 1037 700 1102; x_wconf 89' lang='lat' dir='ltr'>Nil</span> <span class='ocrx_word' id='word_1_42' title='bbox 733 1039 794 1103; x_wconf 88' lang='lat' dir='ltr'>nisi</span> <span class='ocrx_word' id='word_1_43' title='bbox 820 1039 934 1127; x_wconf 78' lang='lat' dir='ltr'>Mynae</span> <span class='ocrx_word' id='word_1_44' title='bbox 954 1059 1045 1104; x_wconf 87' lang='lat' dir='ltr'>error</span> <span class='ocrx_word' id='word_1_45' title='bbox 1066 1060 1134 1106; x_wconf 91' lang='lat' dir='ltr'>esse</span> <span class='ocrx_word' id='word_1_46' title='bbox 1159 1039 1310 1117; x_wconf 87' lang='lat' dir='ltr'>videtur,</span> 
     </span>
     <span class='ocr_line' id='line_1_7' title="bbox 121 1142 1311 1231; baseline -0.002 -21"><span class='ocrx_word' id='word_1_47' title='bbox 121 1147 176 1231; x_wconf 92' lang='lat' dir='ltr'>qui</span> <span class='ocrx_word' id='word_1_48' title='bbox 210 1147 242 1209; x_wconf 94' lang='lat' dir='ltr'>in</span> <span class='ocrx_word' id='word_1_49' title='bbox 274 1142 457 1230; x_wconf 83' lang='lat' dir='ltr'>apographo</span> <span class='ocrx_word' id='word_1_50' title='bbox 489 1142 548 1207; x_wconf 87' lang='grc' dir='ltr'><em>τόιν</em></span> <span class='ocrx_word' id='word_1_51' title='bbox 573 1143 630 1206; x_wconf 89' lang='grc' dir='ltr'>ἀπ’</span> <span class='ocrx_word' id='word_1_52' title='bbox 654 1142 779 1224; x_wconf 88' lang='grc' dir='ltr'><em>ἀρότρου</em></span> <span class='ocrx_word' id='word_1_53' title='bbox 804 1142 914 1220; x_wconf 90' lang='lat' dir='ltr'>dedit,</span> <span class='ocrx_word' id='word_1_54' title='bbox 946 1143 980 1208; x_wconf 93' lang='lat' dir='ltr'>in</span> <span class='ocrx_word' id='word_1_55' title='bbox 1012 1143 1152 1210; x_wconf 74' lang='lat' dir='ltr'>editione</span> <span class='ocrx_word' id='word_1_56' title='bbox 1183 1147 1238 1220; x_wconf 73' lang='lat' dir='ltr'>cbo</span> <span class='ocrx_word' id='word_1_57' title='bbox 1262 1145 1311 1209; x_wconf 84' lang='grc' dir='ltr'>ἐπ’</span> 
     </span>
     <span class='ocr_line' id='line_1_8' title="bbox 120 1247 1312 1333; baseline -0.002 -16"><span class='ocrx_word' id='word_1_58' title='bbox 120 1250 233 1333; x_wconf 78' lang='grc' dir='ltr'><em>ἀρότρῳ</em></span> <span class='ocrx_word' id='word_1_59' title='bbox 258 1249 447 1324; x_wconf 73' lang='lat' dir='ltr'>substituit,</span> <span class='ocrx_word' id='word_1_60' title='bbox 472 1247 505 1311; x_wconf 92' lang='lat' dir='ltr'>in</span> <span class='ocrx_word' id='word_1_61' title='bbox 531 1255 667 1332; x_wconf 90' lang='lat' dir='ltr'>utroque</span> <span class='ocrx_word' id='word_1_62' title='bbox 693 1247 815 1331; x_wconf 82' lang='lat' dir='ltr'>aliquid</span> <span class='ocrx_word' id='word_1_63' title='bbox 841 1268 990 1333; x_wconf 89' lang='lat' dir='ltr'>peccans.</span> <span class='ocrx_word' id='word_1_64' title='bbox 1041 1251 1208 1315; x_wconf 86' lang='lat' dir='ltr'>Praeterea</span> <span class='ocrx_word' id='word_1_65' title='bbox 1233 1249 1312 1315; x_wconf 85' lang='lat' dir='ltr'>baec</span> 
     </span>
     <span class='ocr_line' id='line_1_9' title="bbox 122 1351 1310 1442; baseline -0.003 -20"><span class='ocrx_word' id='word_1_66' title='bbox 122 1376 288 1442; x_wconf 82' lang='lat' dir='ltr'><strong>perperam</strong></span> <span class='ocrx_word' id='word_1_67' title='bbox 312 1357 355 1418; x_wconf 87' lang='lat' dir='ltr'>ita</span> <span class='ocrx_word' id='word_1_68' title='bbox 380 1353 587 1418; x_wconf 90' lang='lat' dir='ltr'>scribuntur:</span> <span class='ocrx_word' id='word_1_69' title='bbox 614 1352 692 1417; x_wconf 83' lang='grc' dir='ltr'><em>»τάν</em></span> <span class='ocrx_word' id='word_1_70' title='bbox 716 1353 772 1416; x_wconf 88' lang='grc' dir='ltr'>ἀπ’</span> <span class='ocrx_word' id='word_1_71' title='bbox 794 1353 916 1433; x_wconf 78' lang='grc' dir='ltr'><em>ἀρότρου</em></span> <span class='ocrx_word' id='word_1_72' title='bbox 938 1351 1091 1429; x_wconf 50' lang='lat' dir='ltr'>ratiost</span> <span class='ocrx_word' id='word_1_73' title='bbox 1117 1356 1207 1439; x_wconf 85' lang='lat' dir='ltr'>quasi</span> <span class='ocrx_word' id='word_1_74' title='bbox 1232 1353 1310 1420; x_wconf 88' lang='lat' dir='ltr'>baeu</span> 
     </span>
     <span class='ocr_line' id='line_1_10' title="bbox 122 1456 1311 1548; baseline -0.003 -22"><span class='ocrx_word' id='word_1_75' title='bbox 122 1464 223 1548; x_wconf 90' lang='lat' dir='ltr'>ipsius</span> <span class='ocrx_word' id='word_1_76' title='bbox 247 1461 354 1524; x_wconf 80' lang='lat' dir='ltr'>Tisias</span> <span class='ocrx_word' id='word_1_77' title='bbox 375 1456 472 1522; x_wconf 88' lang='lat' dir='ltr'>verba</span> <span class='ocrx_word' id='word_1_78' title='bbox 502 1463 631 1533; x_wconf 89' lang='lat' dir='ltr'>essent,</span> <span class='ocrx_word' id='word_1_79' title='bbox 657 1475 757 1541; x_wconf 91' lang='lat' dir='ltr'>quum</span> <span class='ocrx_word' id='word_1_80' title='bbox 779 1467 928 1542; x_wconf 80' lang='lat' dir='ltr'>appareat</span> <span class='ocrx_word' id='word_1_81' title='bbox 953 1478 1023 1524; x_wconf 90' lang='lat' dir='ltr'>esse</span> <span class='ocrx_word' id='word_1_82' title='bbox 1057 1457 1242 1524; x_wconf 82' lang='lat' dir='ltr'>Philostrati</span> <span class='ocrx_word' id='word_1_83' title='bbox 1278 1458 1311 1522; x_wconf 93' lang='lat' dir='ltr'>in</span> 
     </span>
     <span class='ocr_line' id='line_1_11' title="bbox 122 1559 1311 1644; baseline -0.003 -12"><span class='ocrx_word' id='word_1_84' title='bbox 122 1567 208 1632; x_wconf 78' lang='lat' dir='ltr'>burno</span> <span class='ocrx_word' id='word_1_85' title='bbox 234 1564 364 1629; x_wconf 88' lang='lat' dir='ltr'>modum</span> <span class='ocrx_word' id='word_1_86' title='bbox 402 1559 650 1627; x_wconf 86' lang='lat' dir='ltr'>constituenda:</span> <span class='ocrx_word' id='word_1_87' title='bbox 682 1562 998 1642; x_wconf 73' lang='grc' dir='ltr'><em>παρακελευτάμενος</em></span> <span class='ocrx_word' id='word_1_88' title='bbox 1029 1566 1084 1638; x_wconf 66' lang='grc' dir='ltr'>τὴν</span> <span class='ocrx_word' id='word_1_89' title='bbox 1108 1565 1164 1627; x_wconf 89' lang='grc' dir='ltr'>ἀπ’</span> <span class='ocrx_word' id='word_1_90' title='bbox 1188 1562 1311 1644; x_wconf 90' lang='grc' dir='ltr'><em>ἀρότρου</em></span> 
     </span>
     <span class='ocr_line' id='line_1_12' title="bbox 123 1665 1312 1754; baseline -0.002 -18"><span class='ocrx_word' id='word_1_91' title='bbox 123 1669 254 1746; x_wconf 69' lang='grc' dir='ltr'><em>πλῆξαι.</em></span> <span class='ocrx_word' id='word_1_92' title='bbox 302 1668 464 1731; x_wconf 78' lang='lat' dir='ltr'>Vitiosum</span> <span class='ocrx_word' id='word_1_93' title='bbox 492 1685 586 1730; x_wconf 90' lang='lat' dir='ltr'>usum</span> <span class='ocrx_word' id='word_1_94' title='bbox 609 1667 720 1730; x_wconf 90' lang='lat' dir='ltr'>aoristi</span> <span class='ocrx_word' id='word_1_95' title='bbox 744 1665 863 1742; x_wconf 72' lang='grc' dir='ltr'><em>πλῆξαι</em></span> <span class='ocrx_word' id='word_1_96' title='bbox 886 1667 969 1752; x_wconf 88' lang='lat' dir='ltr'>apud</span> <span class='ocrx_word' id='word_1_97' title='bbox 1000 1668 1164 1754; x_wconf 84' lang='lat' dir='ltr'>sequiores</span> <span class='ocrx_word' id='word_1_98' title='bbox 1188 1669 1312 1734; x_wconf 85' lang='lat' dir='ltr'>notavi·</span> 
     </span>
     <span class='ocr_line' id='line_1_13' title="bbox 123 1769 1313 1856; baseline -0.003 -15"><span class='ocrx_word' id='word_1_99' title='bbox 123 1795 197 1841; x_wconf 79' lang='lat' dir='ltr'>inus</span> <span class='ocrx_word' id='word_1_100' title='bbox 221 1775 254 1838; x_wconf 93' lang='lat' dir='ltr'>in</span> <span class='ocrx_word' id='word_1_101' title='bbox 288 1773 437 1838; x_wconf 75' lang='lat' dir='ltr'>Mnemon</span> <span class='ocrx_word' id='word_1_102' title='bbox 464 1769 532 1834; x_wconf 91' lang='lat' dir='ltr'>Vol.</span> <span class='ocrx_word' id='word_1_103' title='bbox 560 1771 642 1836; x_wconf 92' lang='lat' dir='ltr'>Vlll.</span> <span class='ocrx_word' id='word_1_104' title='bbox 679 1791 708 1856; x_wconf 90' lang='lat' dir='ltr'>p.</span> <span class='ocrx_word' id='word_1_105' title='bbox 735 1775 809 1838; x_wconf 75' lang='lat'>165.</span> <span class='ocrx_word' id='word_1_106' title='bbox 859 1773 1034 1838; x_wconf 88' lang='lat' dir='ltr'>Pausanias</span> <span class='ocrx_word' id='word_1_107' title='bbox 1058 1775 1127 1838; x_wconf 85' lang='lat' dir='ltr'>sine</span> <span class='ocrx_word' id='word_1_108' title='bbox 1152 1773 1229 1837; x_wconf 93' lang='lat' dir='ltr'>vitio</span> <span class='ocrx_word' id='word_1_109' title='bbox 1254 1773 1313 1839; x_wconf 92' lang='lat' dir='ltr'>im·</span> 
     </span>
     <span class='ocr_line' id='line_1_14' title="bbox 125 1877 1313 1967; baseline -0.003 -20"><span class='ocrx_word' id='word_1_110' title='bbox 125 1883 304 1967; x_wconf 88' lang='lat' dir='ltr'>perativum</span> <span class='ocrx_word' id='word_1_111' title='bbox 330 1885 405 1943; x_wconf 80' lang='grc' dir='ltr'><em>παῖε</em></span> <span class='ocrx_word' id='word_1_112' title='bbox 429 1884 600 1961; x_wconf 84' lang='lat' dir='ltr'>posuerat,</span> <span class='ocrx_word' id='word_1_113' title='bbox 634 1896 729 1962; x_wconf 87' lang='lat' dir='ltr'>quem</span> <span class='ocrx_word' id='word_1_114' title='bbox 766 1877 961 1962; x_wconf 90' lang='lat' dir='ltr'>praecedens</span> <span class='ocrx_word' id='word_1_115' title='bbox 986 1878 1108 1967; x_wconf 81' lang='lat' dir='ltr'>syllaba</span> <span class='ocrx_word' id='word_1_116' title='bbox 1133 1877 1313 1963; x_wconf 82' lang='lat' dir='ltr'>absorpsit,</span> 
     </span>
     <span class='ocr_line' id='line_1_15' title="bbox 125 1981 1314 2067; baseline 0 -17"><span class='ocrx_word' id='word_1_117' title='bbox 125 2006 198 2050; x_wconf 93' lang='lat' dir='ltr'>nam</span> <span class='ocrx_word' id='word_1_118' title='bbox 222 1982 302 2048; x_wconf 93' lang='lat' dir='ltr'>mibi</span> <span class='ocrx_word' id='word_1_119' title='bbox 328 1981 457 2067; x_wconf 85' lang='lat' dir='ltr'>quidem</span> <span class='ocrx_word' id='word_1_120' title='bbox 482 1991 575 2066; x_wconf 87' lang='lat' dir='ltr'>pater</span> <span class='ocrx_word' id='word_1_121' title='bbox 600 1981 701 2047; x_wconf 89' lang='lat' dir='ltr'>filium</span> <span class='ocrx_word' id='word_1_122' title='bbox 727 1982 773 2047; x_wconf 90' lang='lat' dir='ltr'>sic</span> <span class='ocrx_word' id='word_1_123' title='bbox 797 1981 984 2048; x_wconf 87' lang='lat' dir='ltr'>exbortatus</span> <span class='ocrx_word' id='word_1_124' title='bbox 1008 2003 1081 2050; x_wconf 88' lang='lat' dir='ltr'>esse</span> <span class='ocrx_word' id='word_1_125' title='bbox 1102 1982 1247 2049; x_wconf 90' lang='lat' dir='ltr'>videtur:</span> <span class='ocrx_word' id='word_1_126' title='bbox 1272 1981 1314 2050; x_wconf 78' lang='grc' dir='ltr'>»ὦ</span> 
     </span>
     <span class='ocr_line' id='line_1_16' title="bbox 124 2087 674 2178; baseline -0.009 -21"><span class='ocrx_word' id='word_1_127' title='bbox 124 2099 205 2168; x_wconf 79' lang='grc' dir='ltr'><em>παῖ,</em></span> <span class='ocrx_word' id='word_1_128' title='bbox 231 2087 331 2178; x_wconf 82' lang='grc' dir='ltr'><em>(παῖε)</em></span> <span class='ocrx_word' id='word_1_129' title='bbox 356 2089 411 2162; x_wconf 69' lang='grc' dir='ltr'>τὴν</span> <span class='ocrx_word' id='word_1_130' title='bbox 435 2089 493 2150; x_wconf 83' lang='grc' dir='ltr'>ἀπ’</span> <span class='ocrx_word' id='word_1_131' title='bbox 514 2087 674 2168; x_wconf 87' lang='grc' dir='ltr'><em>ἀρότρου.”</em></span> 
     </span>
    </p>

    <p class='ocr_par' dir='ltr' id='par_1_3' title="bbox 91 2191 1314 4598">
     <span class='ocr_line' id='line_1_17' title="bbox 170 2191 1313 2278; baseline -0.001 -18"><span class='ocrx_word' id='word_1_132' title='bbox 170 2197 269 2262; x_wconf 90' lang='lat' dir='ltr'>Periit</span> <span class='ocrx_word' id='word_1_133' title='bbox 295 2192 487 2258; x_wconf 87' lang='lat' dir='ltr'>nobilissimi</span> <span class='ocrx_word' id='word_1_134' title='bbox 511 2191 649 2257; x_wconf 88' lang='lat' dir='ltr'>atbletae</span> <span class='ocrx_word' id='word_1_135' title='bbox 674 2210 790 2256; x_wconf 81' lang='lat' dir='ltr'>nonren</span> <span class='ocrx_word' id='word_1_136' title='bbox 822 2212 852 2278; x_wconf 90' lang='lat' dir='ltr'>p.</span> <span class='ocrx_word' id='word_1_137' title='bbox 880 2197 944 2270; x_wconf 76' lang='lat'>54,</span> <span class='ocrx_word' id='word_1_138' title='bbox 969 2197 1001 2258; x_wconf 88' lang='lat'>8.</span> <span class='ocrx_word' id='word_1_139' title='bbox 1038 2192 1092 2258; x_wconf 93' lang='lat' dir='ltr'>ubi</span> <span class='ocrx_word' id='word_1_140' title='bbox 1119 2193 1151 2257; x_wconf 90' lang='lat' dir='ltr'>in</span> <span class='ocrx_word' id='word_1_141' title='bbox 1181 2212 1313 2278; x_wconf 82' lang='lat' dir='ltr'>apogra-</span> 
     </span>
     <span class='ocr_line' id='line_1_18' title="bbox 125 2297 1312 2389; baseline -0.003 -22"><span class='ocrx_word' id='word_1_142' title='bbox 125 2303 187 2389; x_wconf 83' lang='lat' dir='ltr'>plro</span> <span class='ocrx_word' id='word_1_143' title='bbox 216 2307 287 2367; x_wconf 84' lang='lat' dir='ltr'>cst:</span> <span class='ocrx_word' id='word_1_144' title='bbox 327 2299 493 2380; x_wconf 85' lang='grc' dir='ltr'><em>Ἀρόωνα</em></span> <span class='ocrx_word' id='word_1_145' title='bbox 522 2297 552 2360; x_wconf 76' lang='grc' dir='ltr'>δὲ</span> <span class='ocrx_word' id='word_1_146' title='bbox 577 2298 628 2362; x_wconf 77' lang='grc' dir='ltr'>τόν</span> <span class='ocrx_word' id='word_1_147' title='bbox 653 2300 896 2378; x_wconf 75' lang='grc' dir='ltr'><em>παγκρατιαςόρν</em></span> <span class='ocrx_word' id='word_1_148' title='bbox 920 2297 969 2363; x_wconf 79' lang='grc' dir='ltr'>δύο</span> <span class='ocrx_word' id='word_1_149' title='bbox 993 2298 1050 2377; x_wconf 81' lang='grc' dir='ltr'><em>μὲν</em></span> <span class='ocrx_word' id='word_1_150' title='bbox 1079 2298 1132 2374; x_wconf 70' lang='grc' dir='ltr'>ἤδη</span> <span class='ocrx_word' id='word_1_151' title='bbox 1157 2298 1312 2378; x_wconf 76' lang='grc' dir='ltr'><em>όλυριπιά-</em></span> 
     </span>
     <span class='ocr_line' id='line_1_19' title="bbox 124 2401 1311 2485; baseline -0.005 -10"><span class='ocrx_word' id='word_1_152' title='bbox 124 2411 187 2482; x_wconf 64' lang='grc' dir='ltr'>δατ</span> <span class='ocrx_word' id='word_1_153' title='bbox 205 2412 354 2480; x_wconf 82' lang='grc' dir='ltr'><em>νικῶντα,</em></span> <span class='ocrx_word' id='word_1_154' title='bbox 387 2403 491 2483; x_wconf 85' lang='grc' dir='ltr'><em>τρότκν</em></span> <span class='ocrx_word' id='word_1_155' title='bbox 524 2401 555 2466; x_wconf 82' lang='grc' dir='ltr'>δὲ</span> <span class='ocrx_word' id='word_1_156' title='bbox 580 2402 630 2465; x_wconf 82' lang='grc' dir='ltr'>ἐπ’</span> <span class='ocrx_word' id='word_1_157' title='bbox 662 2402 791 2475; x_wconf 79' lang='grc' dir='ltr'><em>ἐκείναις</em></span> <span class='ocrx_word' id='word_1_158' title='bbox 825 2402 1008 2481; x_wconf 62' lang='lat' dir='ltr'>aaronitae</span> <span class='ocrx_word' id='word_1_159' title='bbox 1040 2402 1220 2485; x_wconf 79' lang='grc' dir='ltr'><em>μαχόμενον</em></span> <span class='ocrx_word' id='word_1_160' title='bbox 1246 2407 1311 2484; x_wconf 76' lang='grc' dir='ltr'><em>περὶ</em></span> 
     </span>
     <span class='ocr_line' id='line_1_20' title="bbox 124 2506 1312 2594; baseline -0.002 -16"><span class='ocrx_word' id='word_1_161' title='bbox 124 2517 177 2579; x_wconf 83' lang='grc' dir='ltr'><em>τοῦ</em></span> <span class='ocrx_word' id='word_1_162' title='bbox 202 2510 339 2594; x_wconf 81' lang='grc' dir='ltr'><em>ςεφάνου</em></span> <span class='ocrx_word' id='word_1_163' title='bbox 360 2509 410 2573; x_wconf 73' lang='grc' dir='ltr'>καὶ</span> <span class='ocrx_word' id='word_1_164' title='bbox 433 2507 487 2583; x_wconf 75' lang='grc' dir='ltr'>ἤδη</span> <span class='ocrx_word' id='word_1_165' title='bbox 511 2507 748 2589; x_wconf 82' lang='grc' dir='ltr'><em>ἀπαγορεύοντα</em></span> <span class='ocrx_word' id='word_1_166' title='bbox 772 2506 914 2590; x_wconf 79' lang='grc' dir='ltr'><em>Ἐρυξίας</em></span> <span class='ocrx_word' id='word_1_167' title='bbox 939 2510 1135 2588; x_wconf 72' lang='grc' dir='ltr'><em>όγυριναςῖις</em></span> <span class='ocrx_word' id='word_1_168' title='bbox 1155 2511 1197 2582; x_wconf 77' lang='grc' dir='ltr'>εἷς</span> <span class='ocrx_word' id='word_1_169' title='bbox 1216 2507 1312 2589; x_wconf 83' lang='grc' dir='ltr'><em>ἔρωτα</em></span> 
     </span>
     <span class='ocr_line' id='line_1_21' title="bbox 125 2612 1313 2699; baseline -0.003 -15"><span class='ocrx_word' id='word_1_170' title='bbox 125 2617 257 2684; x_wconf 85' lang='grc' dir='ltr'><em>όιινάτου</em></span> <span class='ocrx_word' id='word_1_171' title='bbox 280 2615 462 2687; x_wconf 80' lang='grc' dir='ltr'><em>κατέςκσεν.</em></span> <span class='ocrx_word' id='word_1_172' title='bbox 510 2612 622 2699; x_wconf 81' lang='lat' dir='ltr'>blynas</span> <span class='ocrx_word' id='word_1_173' title='bbox 647 2614 679 2677; x_wconf 92' lang='lat' dir='ltr'>in</span> <span class='ocrx_word' id='word_1_174' title='bbox 711 2613 860 2680; x_wconf 80' lang='lat' dir='ltr'>Editione</span> <span class='ocrx_word' id='word_1_175' title='bbox 884 2615 1005 2694; x_wconf 82' lang='grc' dir='ltr'><em>Ἀρίονα</em></span> <span class='ocrx_word' id='word_1_176' title='bbox 1029 2614 1215 2691; x_wconf 85' lang='lat' dir='ltr'>substituit,</span> <span class='ocrx_word' id='word_1_177' title='bbox 1238 2613 1313 2680; x_wconf 83' lang='lat' dir='ltr'>Edi-</span> 
     </span>
     <span class='ocr_line' id='line_1_22' title="bbox 91 2717 1312 2804; baseline -0.003 -16"><span class='ocrx_word' id='word_1_178' title='bbox 91 2728 93 2733; x_wconf 82' lang='grc'>’</span> <span class='ocrx_word' id='word_1_179' title='bbox 124 2733 175 2788; x_wconf 90' lang='lat' dir='ltr'>tor</span> <span class='ocrx_word' id='word_1_180' title='bbox 199 2743 238 2787; x_wconf 83' lang='grc' dir='ltr'>οιο</span> <span class='ocrx_word' id='word_1_181' title='bbox 262 2719 472 2785; x_wconf 82' lang='lat' dir='ltr'>emendatione</span> <span class='ocrx_word' id='word_1_182' title='bbox 493 2720 653 2797; x_wconf 86' lang='grc' dir='ltr'><em>Ἀριςόωνιι</em></span> <span class='ocrx_word' id='word_1_183' title='bbox 679 2720 819 2804; x_wconf 86' lang='lat' dir='ltr'>scripsit.</span> <span class='ocrx_word' id='word_1_184' title='bbox 848 2771 849 2775; x_wconf 64' lang='lat'>,</span> <span class='ocrx_word' id='word_1_185' title='bbox 870 2718 931 2784; x_wconf 90' lang='lat' dir='ltr'>Sed</span> <span class='ocrx_word' id='word_1_186' title='bbox 953 2740 1014 2784; x_wconf 94' lang='lat' dir='ltr'>non</span> <span class='ocrx_word' id='word_1_187' title='bbox 1036 2726 1084 2785; x_wconf 90' lang='lat' dir='ltr'>est</span> <span class='ocrx_word' id='word_1_188' title='bbox 1109 2717 1186 2784; x_wconf 92' lang='lat' dir='ltr'>baec</span> <span class='ocrx_word' id='word_1_189' title='bbox 1207 2739 1312 2785; x_wconf 88' lang='lat' dir='ltr'>emen-</span> 
     </span>
     <span class='ocr_line' id='line_1_23' title="bbox 124 2823 1312 2906; baseline -0.004 -14"><span class='ocrx_word' id='word_1_190' title='bbox 124 2827 233 2904; x_wconf 87' lang='lat' dir='ltr'>datl0,</span> <span class='ocrx_word' id='word_1_191' title='bbox 258 2845 331 2889; x_wconf 79' lang='lat' dir='ltr'>tram</span> <span class='ocrx_word' id='word_1_192' title='bbox 357 2842 468 2889; x_wconf 83' lang='lat' dir='ltr'>venum</span> <span class='ocrx_word' id='word_1_193' title='bbox 494 2843 564 2888; x_wconf 84' lang='lat' dir='ltr'>esse</span> <span class='ocrx_word' id='word_1_194' title='bbox 596 2826 657 2904; x_wconf 90' lang='grc' dir='ltr'>Ἀρ</span> <span class='ocrx_word' id='word_1_195' title='bbox 667 2849 699 2903; x_wconf 92' lang='grc' dir='ltr'>ρι</span> <span class='ocrx_word' id='word_1_196' title='bbox 709 2825 756 2905; x_wconf 84' lang='grc' dir='ltr'>χό</span> <span class='ocrx_word' id='word_1_197' title='bbox 764 2847 839 2888; x_wconf 91' lang='grc' dir='ltr'><em>ωνα</em></span> <span class='ocrx_word' id='word_1_198' title='bbox 870 2824 902 2888; x_wconf 71' lang='grc' dir='ltr'>δὲ</span> <span class='ocrx_word' id='word_1_199' title='bbox 925 2825 976 2888; x_wconf 82' lang='grc' dir='ltr'>τόν</span> <span class='ocrx_word' id='word_1_200' title='bbox 1002 2827 1245 2906; x_wconf 75' lang='grc' dir='ltr'><em>παγκρατιαςάν</em></span> <span class='ocrx_word' id='word_1_201' title='bbox 1268 2823 1312 2888; x_wconf 90' lang='lat' dir='ltr'>l-</span> 
     </span>
     <span class='ocr_line' id='line_1_24' title="bbox 124 2926 1314 3012; baseline -0.003 -14"><span class='ocrx_word' id='word_1_202' title='bbox 124 2932 184 2999; x_wconf 92' lang='lat' dir='ltr'>cile</span> <span class='ocrx_word' id='word_1_203' title='bbox 207 2928 442 2996; x_wconf 86' lang='lat' dir='ltr'>demonstrabit</span> <span class='ocrx_word' id='word_1_204' title='bbox 476 2929 641 3012; x_wconf 91' lang='lat' dir='ltr'>inspectus</span> <span class='ocrx_word' id='word_1_205' title='bbox 675 2929 848 2992; x_wconf 89' lang='lat' dir='ltr'>Pausanias</span> <span class='ocrx_word' id='word_1_206' title='bbox 870 2926 952 2993; x_wconf 94' lang='lat' dir='ltr'>Vlll.</span> <span class='ocrx_word' id='word_1_207' title='bbox 977 2949 1025 2993; x_wconf 39' lang='lat' dir='ltr'>xri.</span> <span class='ocrx_word' id='word_1_208' title='bbox 1054 2934 1092 3004; x_wconf 12' lang='lat' dir='ltr'>lv:</span> <span class='ocrx_word' id='word_1_209' title='bbox 1124 2931 1166 3011; x_wconf 82' lang='grc' dir='ltr'><em>τῷ</em></span> <span class='ocrx_word' id='word_1_210' title='bbox 1190 2929 1221 2994; x_wconf 77' lang='grc' dir='ltr'>δὲ</span> <span class='ocrx_word' id='word_1_211' title='bbox 1244 2931 1314 3010; x_wconf 74' lang='grc' dir='ltr'>Ἀρ·</span> 
     </span>
     <span class='ocr_line' id='line_1_25' title="bbox 123 3031 1313 3121; baseline -0.005 -16"><span class='ocrx_word' id='word_1_212' title='bbox 123 3041 237 3121; x_wconf 84' lang='grc' dir='ltr'><em>ριχόωνι</em></span> <span class='ocrx_word' id='word_1_213' title='bbox 263 3036 399 3114; x_wconf 80' lang='grc' dir='ltr'><em>ἐγένοντο</em></span> <span class='ocrx_word' id='word_1_214' title='bbox 424 3032 623 3109; x_wconf 70' lang='grc' dir='ltr'><em>Ὀλυμπικαὶ</em></span> <span class='ocrx_word' id='word_1_215' title='bbox 658 3041 738 3098; x_wconf 84' lang='grc' dir='ltr'><em>νῖκαι</em></span> <span class='ocrx_word' id='word_1_216' title='bbox 770 3033 820 3098; x_wconf 76' lang='grc' dir='ltr'>δύο</span> <span class='ocrx_word' id='word_1_217' title='bbox 844 3033 901 3110; x_wconf 77' lang='grc' dir='ltr'><em>μὲν</em></span> <span class='ocrx_word' id='word_1_218' title='bbox 930 3031 1128 3111; x_wconf 73' lang='grc' dir='ltr'><em>Ὀλυμπιάσι</em></span> <span class='ocrx_word' id='word_1_219' title='bbox 1160 3041 1231 3107; x_wconf 75' lang='grc' dir='ltr'><em>ταῖς</em></span> <span class='ocrx_word' id='word_1_220' title='bbox 1257 3035 1313 3115; x_wconf 81' lang='grc' dir='ltr'>πρό</span> 
     </span>
     <span class='ocr_line' id='line_1_26' title="bbox 123 3139 1301 3223; baseline -0.002 -15"><span class='ocrx_word' id='word_1_221' title='bbox 123 3154 179 3220; x_wconf 76' lang='grc' dir='ltr'><em>τῆς</em></span> <span class='ocrx_word' id='word_1_222' title='bbox 203 3141 356 3221; x_wconf 80' lang='grc' dir='ltr'><em>τετάρτνρς</em></span> <span class='ocrx_word' id='word_1_223' title='bbox 381 3139 433 3204; x_wconf 73' lang='grc' dir='ltr'>καὶ</span> <span class='ocrx_word' id='word_1_224' title='bbox 459 3147 668 3215; x_wconf 64' lang='lat' dir='ltr'>aerumnosis,</span> <span class='ocrx_word' id='word_1_225' title='bbox 692 3139 815 3217; x_wconf 81' lang='grc' dir='ltr'><em>ἐγένετο</em></span> <span class='ocrx_word' id='word_1_226' title='bbox 838 3139 869 3203; x_wconf 76' lang='grc' dir='ltr'>δὲ</span> <span class='ocrx_word' id='word_1_227' title='bbox 893 3139 945 3204; x_wconf 76' lang='grc' dir='ltr'>καὶ</span> <span class='ocrx_word' id='word_1_228' title='bbox 968 3139 998 3203; x_wconf 85' lang='grc' dir='ltr'><em>ἐν</em></span> <span class='ocrx_word' id='word_1_229' title='bbox 1026 3142 1107 3222; x_wconf 72' lang='grc' dir='ltr'><em>αὐτῇ</em></span> <span class='ocrx_word' id='word_1_230' title='bbox 1129 3140 1184 3204; x_wconf 85' lang='grc' dir='ltr'><em>σὺν</em></span> <span class='ocrx_word' id='word_1_231' title='bbox 1207 3140 1301 3223; x_wconf 75' lang='grc' dir='ltr'>δικαόΙ</span> 
     </span>
     <span class='ocr_line' id='line_1_27' title="bbox 123 3243 1314 3328; baseline -0.003 -13"><span class='ocrx_word' id='word_1_232' title='bbox 123 3275 159 3316; x_wconf 86' lang='grc' dir='ltr'><em>τε</em></span> <span class='ocrx_word' id='word_1_233' title='bbox 180 3251 215 3314; x_wconf 82' lang='grc' dir='ltr'>ἐκ</span> <span class='ocrx_word' id='word_1_234' title='bbox 239 3256 298 3313; x_wconf 79' lang='grc' dir='ltr'>τῶν</span> <span class='ocrx_word' id='word_1_235' title='bbox 323 3246 545 3311; x_wconf 73' lang='grc' dir='ltr'><em>Ἑλλανοδικῶν</em></span> <span class='ocrx_word' id='word_1_236' title='bbox 567 3244 620 3309; x_wconf 74' lang='grc' dir='ltr'>καὶ</span> <span class='ocrx_word' id='word_1_237' title='bbox 645 3247 836 3327; x_wconf 75' lang='grc' dir='ltr'><em>Ἀρριχίωνος</em></span> <span class='ocrx_word' id='word_1_238' title='bbox 860 3246 955 3310; x_wconf 79' lang='grc' dir='ltr'><em>αὐτοῦ</em></span> <span class='ocrx_word' id='word_1_239' title='bbox 976 3253 1014 3328; x_wconf 72' lang='grc' dir='ltr'><em>τῇ</em></span> <span class='ocrx_word' id='word_1_240' title='bbox 1038 3246 1144 3327; x_wconf 68' lang='grc' dir='ltr'><em>ἀρετῇ.</em></span> <span class='ocrx_word' id='word_1_241' title='bbox 1192 3243 1314 3311; x_wconf 87' lang='lat' dir='ltr'>Deinde</span> 
     </span>
     <span class='ocr_line' id='line_1_28' title="bbox 125 3349 1313 3438; baseline -0.004 -18"><span class='ocrx_word' id='word_1_242' title='bbox 125 3364 321 3438; x_wconf 84' lang='lat' dir='ltr'>narratque</span> <span class='ocrx_word' id='word_1_243' title='bbox 347 3353 527 3415; x_wconf 90' lang='lat' dir='ltr'>constantia</span> <span class='ocrx_word' id='word_1_244' title='bbox 552 3351 665 3415; x_wconf 87' lang='lat' dir='ltr'>vicerit</span> <span class='ocrx_word' id='word_1_245' title='bbox 695 3361 725 3415; x_wconf 89' lang='lat' dir='ltr'>et</span> <span class='ocrx_word' id='word_1_246' title='bbox 749 3352 781 3413; x_wconf 92' lang='lat' dir='ltr'>in</span> <span class='ocrx_word' id='word_1_247' title='bbox 812 3352 879 3434; x_wconf 89' lang='lat' dir='ltr'>ipsa</span> <span class='ocrx_word' id='word_1_248' title='bbox 904 3351 1039 3414; x_wconf 87' lang='lat' dir='ltr'>victoria</span> <span class='ocrx_word' id='word_1_249' title='bbox 1062 3351 1202 3414; x_wconf 78' lang='lat' dir='ltr'>auiniam</span> <span class='ocrx_word' id='word_1_250' title='bbox 1228 3349 1313 3415; x_wconf 86' lang='lat' dir='ltr'>ellia-</span> 
     </span>
     <span class='ocr_line' id='line_1_29' title="bbox 125 3453 1312 3539; baseline -0.002 -17"><span class='ocrx_word' id='word_1_251' title='bbox 125 3461 217 3525; x_wconf 85' lang='lat' dir='ltr'>uerit.</span> <span class='ocrx_word' id='word_1_252' title='bbox 243 3456 408 3523; x_wconf 42' lang='lat' dir='ltr'>*Eandem</span> <span class='ocrx_word' id='word_1_253' title='bbox 443 3476 509 3520; x_wconf 87' lang='lat' dir='ltr'>rem</span> <span class='ocrx_word' id='word_1_254' title='bbox 536 3456 570 3519; x_wconf 91' lang='lat' dir='ltr'>in</span> <span class='ocrx_word' id='word_1_255' title='bbox 596 3455 702 3520; x_wconf 87' lang='lat' dir='ltr'>tabula</span> <span class='ocrx_word' id='word_1_256' title='bbox 735 3455 894 3539; x_wconf 83' lang='lat' dir='ltr'>depictam</span> <span class='ocrx_word' id='word_1_257' title='bbox 928 3453 1025 3518; x_wconf 87' lang='lat' dir='ltr'>babes</span> <span class='ocrx_word' id='word_1_258' title='bbox 1059 3456 1090 3518; x_wconf 94' lang='lat' dir='ltr'>in</span> <span class='ocrx_word' id='word_1_259' title='bbox 1125 3454 1312 3520; x_wconf 87' lang='lat' dir='ltr'>Philostrati</span> 
     </span>
     <span class='ocr_line' id='line_1_30' title="bbox 125 3558 1312 3642; baseline -0.003 -12"><span class='ocrx_word' id='word_1_260' title='bbox 125 3563 274 3630; x_wconf 87' lang='lat' dir='ltr'>leonibus</span> <span class='ocrx_word' id='word_1_261' title='bbox 299 3563 349 3629; x_wconf 90' lang='lat' dir='ltr'>ll.·</span> <span class='ocrx_word' id='word_1_262' title='bbox 367 3566 397 3626; x_wconf 84' lang='lat'>6.</span> <span class='ocrx_word' id='word_1_263' title='bbox 424 3560 478 3625; x_wconf 84' lang='lat' dir='ltr'>ubi</span> <span class='ocrx_word' id='word_1_264' title='bbox 504 3561 547 3624; x_wconf 91' lang='lat' dir='ltr'>ita</span> <span class='ocrx_word' id='word_1_265' title='bbox 572 3558 699 3624; x_wconf 83' lang='lat' dir='ltr'>scribit:</span> <span class='ocrx_word' id='word_1_266' title='bbox 724 3559 808 3624; x_wconf 75' lang='lat' dir='ltr'>couri</span> <span class='ocrx_word' id='word_1_267' title='bbox 833 3559 896 3638; x_wconf 84' lang='grc' dir='ltr'>γάρ</span> <span class='ocrx_word' id='word_1_268' title='bbox 915 3560 950 3633; x_wconf 70' lang='lat' dir='ltr'>ab</span> <span class='ocrx_word' id='word_1_269' title='bbox 973 3560 1083 3641; x_wconf 76' lang='grc' dir='ltr'><em>ἀνδρῶν</em></span> <span class='ocrx_word' id='word_1_270' title='bbox 1106 3561 1141 3624; x_wconf 79' lang='grc' dir='ltr'><em>τό</em></span> <span class='ocrx_word' id='word_1_271' title='bbox 1166 3561 1312 3642; x_wconf 84' lang='grc' dir='ltr'><em>παγκρά·</em></span> 
     </span>
     <span class='ocr_line' id='line_1_31' title="bbox 124 3664 1312 3751; baseline -0.003 -17"><span class='ocrx_word' id='word_1_272' title='bbox 124 3695 197 3735; x_wconf 88' lang='grc' dir='ltr'><em>τιον.</em></span> <span class='ocrx_word' id='word_1_273' title='bbox 234 3672 426 3751; x_wconf 76' lang='grc' dir='ltr'><em>ςεφανοῦται</em></span> <span class='ocrx_word' id='word_1_274' title='bbox 452 3666 482 3730; x_wconf 79' lang='grc' dir='ltr'>δὲ</span> <span class='ocrx_word' id='word_1_275' title='bbox 516 3666 600 3747; x_wconf 78' lang='grc' dir='ltr'><em>αὐτῷ</em></span> <span class='ocrx_word' id='word_1_276' title='bbox 625 3668 784 3747; x_wconf 75' lang='grc' dir='ltr'><em>Ἀρριχόων</em></span> <span class='ocrx_word' id='word_1_277' title='bbox 817 3665 1015 3729; x_wconf 82' lang='grc' dir='ltr'><em>ἐπαποόανόιν</em></span> <span class='ocrx_word' id='word_1_278' title='bbox 1038 3673 1076 3746; x_wconf 69' lang='grc' dir='ltr'><em>τῇ</em></span> <span class='ocrx_word' id='word_1_279' title='bbox 1111 3664 1186 3745; x_wconf 75' lang='lat' dir='ltr'>vlup.</span> <span class='ocrx_word' id='word_1_280' title='bbox 1233 3665 1312 3731; x_wconf 87' lang='lat' dir='ltr'>Con·</span> 
     </span>
     <span class='ocr_line' id='line_1_32' title="bbox 127 3767 1311 3859; baseline -0.003 -19"><span class='ocrx_word' id='word_1_281' title='bbox 127 3776 297 3840; x_wconf 85' lang='lat' dir='ltr'>lirmantur</span> <span class='ocrx_word' id='word_1_282' title='bbox 321 3772 398 3836; x_wconf 89' lang='lat' dir='ltr'>baec</span> <span class='ocrx_word' id='word_1_283' title='bbox 423 3791 462 3835; x_wconf 86' lang='lat' dir='ltr'>ex</span> <span class='ocrx_word' id='word_1_284' title='bbox 496 3772 667 3853; x_wconf 73' lang='grc' dir='ltr'><em>ἀναγραφῇ</em></span> <span class='ocrx_word' id='word_1_285' title='bbox 696 3776 754 3835; x_wconf 78' lang='grc' dir='ltr'>τῶν</span> <span class='ocrx_word' id='word_1_286' title='bbox 774 3772 1020 3847; x_wconf 68' lang='grc' dir='ltr'><em>Ὀλυμπιονικῶν</em></span> <span class='ocrx_word' id='word_1_287' title='bbox 1054 3767 1110 3833; x_wconf 93' lang='lat' dir='ltr'>ubi</span> <span class='ocrx_word' id='word_1_288' title='bbox 1131 3769 1171 3833; x_wconf 88' lang='lat' dir='ltr'>ad</span> <span class='ocrx_word' id='word_1_289' title='bbox 1204 3768 1311 3859; x_wconf 82' lang='lat' dir='ltr'>Olym·</span> 
     </span>
     <span class='ocr_line' id='line_1_33' title="bbox 126 3874 1310 3967; baseline -0.003 -22"><span class='ocrx_word' id='word_1_290' title='bbox 126 3878 250 3967; x_wconf 82' lang='lat' dir='ltr'>pladem</span> <span class='ocrx_word' id='word_1_291' title='bbox 276 3876 353 3942; x_wconf 83' lang='lat' dir='ltr'>LIV.</span> <span class='ocrx_word' id='word_1_292' title='bbox 379 3885 569 3941; x_wconf 89' lang='lat' dir='ltr'>annotatur:</span> <span class='ocrx_word' id='word_1_293' title='bbox 594 3877 739 3955; x_wconf 83' lang='grc' dir='ltr'><em>Ἀριχόων</em></span> <span class='ocrx_word' id='word_1_294' title='bbox 764 3875 929 3953; x_wconf 75' lang='grc' dir='ltr'><em>Φυγαλεὺς</em></span> <span class='ocrx_word' id='word_1_295' title='bbox 956 3874 1001 3960; x_wconf 83' lang='lat' dir='ltr'>(L.</span> <span class='ocrx_word' id='word_1_296' title='bbox 1027 3875 1187 3954; x_wconf 81' lang='grc' dir='ltr'><em>’Λρριχόων</em></span> <span class='ocrx_word' id='word_1_297' title='bbox 1212 3885 1310 3954; x_wconf 89' lang='grc' dir='ltr'><em>Φιγα-</em></span> 
     </span>
     <span class='ocr_line' id='line_1_34' title="bbox 124 3980 1311 4073; baseline -0.002 -22"><span class='ocrx_word' id='word_1_298' title='bbox 124 3986 212 4073; x_wconf 67' lang='lat' dir='ltr'>borlo)</span> <span class='ocrx_word' id='word_1_299' title='bbox 249 3985 284 4049; x_wconf 78' lang='grc' dir='ltr'><em>τὸ</em></span> <span class='ocrx_word' id='word_1_300' title='bbox 316 3982 415 4063; x_wconf 86' lang='grc' dir='ltr'><em>τρόπον</em></span> <span class='ocrx_word' id='word_1_301' title='bbox 444 3987 529 4046; x_wconf 80' lang='grc' dir='ltr'><em>νικῶν</em></span> <span class='ocrx_word' id='word_1_302' title='bbox 560 3980 753 4061; x_wconf 89' lang='grc' dir='ltr'><em>παγκράτιον</em></span> <span class='ocrx_word' id='word_1_303' title='bbox 777 3981 922 4061; x_wconf 73' lang='grc' dir='ltr'>ψιλωθεὶς</span> <span class='ocrx_word' id='word_1_304' title='bbox 957 3980 1092 4044; x_wconf 82' lang='grc' dir='ltr'><em>ἀπόόανε</em></span> <span class='ocrx_word' id='word_1_305' title='bbox 1125 3981 1177 4045; x_wconf 76' lang='grc' dir='ltr'>καὶ</span> <span class='ocrx_word' id='word_1_306' title='bbox 1212 3985 1311 4064; x_wconf 82' lang='grc' dir='ltr'><em>νεκρὸς</em></span> 
     </span>
     <span class='ocr_line' id='line_1_35' title="bbox 125 4085 1310 4170; baseline -0.003 -14"><span class='ocrx_word' id='word_1_307' title='bbox 125 4091 239 4170; x_wconf 76' lang='grc' dir='ltr'>ε’ςέφόκ</span> <span class='ocrx_word' id='word_1_308' title='bbox 272 4087 449 4169; x_wconf 82' lang='grc' dir='ltr'><em>φόάσαντος</em></span> <span class='ocrx_word' id='word_1_309' title='bbox 480 4087 675 4151; x_wconf 84' lang='grc' dir='ltr'><em>ἀπεόπατόαι</em></span> <span class='ocrx_word' id='word_1_310' title='bbox 715 4086 925 4162; x_wconf 84' lang='grc' dir='ltr'><em>ἀνταγωνιςοῦ</em></span> <span class='ocrx_word' id='word_1_311' title='bbox 956 4085 1112 4164; x_wconf 77' lang='grc' dir='ltr'><em>κλωμόνου</em></span> <span class='ocrx_word' id='word_1_312' title='bbox 1144 4088 1229 4167; x_wconf 75' lang='grc' dir='ltr'><em>αὐτῷ</em></span> <span class='ocrx_word' id='word_1_313' title='bbox 1256 4093 1310 4154; x_wconf 82' lang='grc' dir='ltr'><em>τοῦ</em></span> 
     </span>
     <span class='ocr_line' id='line_1_36' title="bbox 124 4189 1312 4277; baseline -0.006 -15"><span class='ocrx_word' id='word_1_314' title='bbox 124 4196 214 4268; x_wconf 77' lang='grc' dir='ltr'><em>ποδός</em></span> <span class='ocrx_word' id='word_1_315' title='bbox 249 4195 301 4258; x_wconf 86' lang='grc' dir='ltr'>ὑπ’</span> <span class='ocrx_word' id='word_1_316' title='bbox 335 4193 457 4256; x_wconf 85' lang='grc' dir='ltr'><em>ἐκείνου.</em></span> <span class='ocrx_word' id='word_1_317' title='bbox 507 4190 595 4270; x_wconf 86' lang='lat' dir='ltr'>Quod</span> <span class='ocrx_word' id='word_1_318' title='bbox 629 4198 737 4256; x_wconf 90' lang='lat' dir='ltr'>autem</span> <span class='ocrx_word' id='word_1_319' title='bbox 769 4190 905 4277; x_wconf 80' lang='lat' dir='ltr'>Eryxias</span> <span class='ocrx_word' id='word_1_320' title='bbox 940 4189 1136 4256; x_wconf 82' lang='lat' dir='ltr'>exclamasse</span> <span class='ocrx_word' id='word_1_321' title='bbox 1168 4190 1312 4270; x_wconf 89' lang='lat' dir='ltr'>dicitur,</span> 
     </span>
     <span class='ocr_line' id='line_1_37' title="bbox 125 4294 1311 4388; baseline -0.005 -22"><span class='ocrx_word' id='word_1_322' title='bbox 125 4301 277 4388; x_wconf 86' lang='lat' dir='ltr'>quoniam</span> <span class='ocrx_word' id='word_1_323' title='bbox 305 4296 474 4362; x_wconf 78' lang='lat' dir='ltr'>rrianilesto</span> <span class='ocrx_word' id='word_1_324' title='bbox 498 4297 636 4360; x_wconf 85' lang='lat' dir='ltr'>manavit</span> <span class='ocrx_word' id='word_1_325' title='bbox 672 4315 711 4360; x_wconf 87' lang='lat' dir='ltr'>ex</span> <span class='ocrx_word' id='word_1_326' title='bbox 732 4296 899 4359; x_wconf 87' lang='lat' dir='ltr'>notissimo</span> <span class='ocrx_word' id='word_1_327' title='bbox 921 4296 1017 4360; x_wconf 76' lang='lat' dir='ltr'>conlo</span> <span class='ocrx_word' id='word_1_328' title='bbox 1044 4294 1188 4376; x_wconf 78' lang='grc' dir='ltr'><em>ἑντάιριον</em></span> <span class='ocrx_word' id='word_1_329' title='bbox 1219 4298 1311 4371; x_wconf 76' lang='grc' dir='ltr'><em>ἡτυ·</em></span> 
     </span>
     <span class='ocr_line' id='line_1_38' title="bbox 125 4400 1311 4490; baseline -0.007 -17"><span class='ocrx_word' id='word_1_330' title='bbox 125 4407 246 4488; x_wconf 78' lang='grc' dir='ltr'><em>ραννός,</em></span> <span class='ocrx_word' id='word_1_331' title='bbox 271 4400 355 4490; x_wconf 88' lang='lat' dir='ltr'>quod</span> <span class='ocrx_word' id='word_1_332' title='bbox 386 4401 425 4467; x_wconf 92' lang='lat' dir='ltr'>ad</span> <span class='ocrx_word' id='word_1_333' title='bbox 453 4400 643 4489; x_wconf 77' lang='lat' dir='ltr'>Dionysium</span> <span class='ocrx_word' id='word_1_334' title='bbox 669 4402 822 4466; x_wconf 88' lang='lat' dir='ltr'>maiorem</span> <span class='ocrx_word' id='word_1_335' title='bbox 847 4400 970 4465; x_wconf 90' lang='lat' dir='ltr'>dictum</span> <span class='ocrx_word' id='word_1_336' title='bbox 996 4418 1066 4464; x_wconf 90' lang='lat' dir='ltr'>esse</span> <span class='ocrx_word' id='word_1_337' title='bbox 1090 4407 1234 4477; x_wconf 89' lang='lat' dir='ltr'>constat,</span> <span class='ocrx_word' id='word_1_338' title='bbox 1258 4420 1311 4486; x_wconf 91' lang='lat' dir='ltr'>ap·</span> 
     </span>
     <span class='ocr_line' id='line_1_39' title="bbox 125 4502 1313 4598; baseline -0.001 -24"><span class='ocrx_word' id='word_1_339' title='bbox 125 4520 217 4598; x_wconf 84' lang='lat' dir='ltr'>paret</span> <span class='ocrx_word' id='word_1_340' title='bbox 240 4507 503 4576; x_wconf 86' lang='lat' dir='ltr'>commenticium</span> <span class='ocrx_word' id='word_1_341' title='bbox 527 4527 612 4586; x_wconf 89' lang='lat' dir='ltr'>esse,</span> <span class='ocrx_word' id='word_1_342' title='bbox 639 4515 675 4574; x_wconf 89' lang='lat' dir='ltr'>ut</span> <span class='ocrx_word' id='word_1_343' title='bbox 698 4504 873 4574; x_wconf 88' lang='lat' dir='ltr'>multaalia</span> <span class='ocrx_word' id='word_1_344' title='bbox 892 4502 1122 4572; x_wconf 90' lang='lat' dir='ltr'>eiusdemmodi</span> <span class='ocrx_word' id='word_1_345' title='bbox 1146 4525 1163 4572; x_wconf 92' lang='lat' dir='ltr'>a</span> <span class='ocrx_word' id='word_1_346' title='bbox 1186 4507 1313 4592; x_wconf 83' lang='lat' dir='ltr'>sequio-</span> 
     </span>
    </p>
   </div>
   <div class='ocr_carea' id='block_1_3' title="bbox 0 0 1646 5190">
    <p class='ocr_par' dir='ltr' id='par_1_4' title="bbox 0 0 1646 5190">
     <span class='ocr_line' id='line_1_40' title="bbox 0 0 1646 5190; baseline 0 0"><span class='ocrx_word' id='word_1_347' title='bbox 0 0 1646 5190; x_wconf 95' lang='lat' dir='ltr'> </span> 
     </span>
    </p>
   </div>
  </div>
 </body>
</html>
