3270 5190
901 437 942 499 54

335 622 388 672 λον
412 607 443 673 δὲ
466 610 739 676 κολακευτέοι
768 611 810 692 τῷ
835 608 1047 690 γυμνύζοντι,
1072 626 1133 671 non
1155 605 1367 673 κολακευτέον.

383 713 550 781 Soioecum
574 723 623 782 est
656 715 740 800 quod
772 716 892 801 iegitur
915 737 945 802 p.
971 717 1036 789 48,
1062 717 1102 777 5:
1133 709 1192 789 νέον
1213 711 1344 791 ἔμπνουν
1367 709 1446 776 ποτέ
1470 709 1528 774 ὑπὸ

336 823 390 885 τοῦ
423 825 585 899 γυμναςοῦ
618 822 853 899 γεγένηται,
890 821 954 884 imo
988 837 1062 883 vero
1088 816 1229 895 γένκται.
1287 816 1403 882 Vicina
1434 812 1527 879 uicus

335 922 466 991 ducerer
487 926 577 990 alunt.
602 946 647 991 rs,
665 930 703 991 ὅτ
727 925 864 1007 χαλεποὶ
888 924 950 1006 γοδρ
973 922 1199 1003 συμβαίνει
1223 924 1266 989 τοδ
1285 925 1329 1002 μή
1349 917 1383 988 εὖ
1407 921 1526 1004 φύντα.

382 1030 567 1114 Pervulgati
599 1031 720 1095 erroris
749 1049 866 1094 novum
903 1029 1085 1115 exemplum
1122 1038 1171 1097 est
1201 1051 1232 1117 p.
1254 1031 1319 1106 48,
1343 1032 1380 1093 9:
1418 1025 1471 1091 καὶ
1500 1025 1526 1088 οἱ

337 1133 658 1213 ξυγκεκλιμένον
690 1135 733 1200 τοὶ
758 1134 878 1216 πλευρα
902 1136 955 1200 καὶ
990 1135 1027 1224 (οἱ
1052 1133 1272 1222 inserendum)
1297 1127 1526 1207 ανατεπταμέ·

337 1262 378 1303 νοι
403 1240 475 1320 ὑπὲρ
499 1241 533 1306 τὸ
557 1241 677 1322 μέτριον
700 1241 807 1306 πολλοὶ
837 1245 890 1306 τοῦ
914 1240 1055 1315 νοσώδους
1088 1240 1350 1319 ἐπισημαίνουσιν.
1399 1233 1527 1301 Mende·

337 1362 411 1409 sum
444 1350 492 1408 est
521 1342 768 1426 ξυγκεκλιμὲνον.
817 1345 949 1412 Scribae
981 1346 1084 1412 solent
1117 1346 1259 1413 Atticam
1292 1339 1430 1430 perfecti
1465 1338 1526 1404 ior·

337 1469 424 1514 mam
450 1448 603 1530 κέκλήμαι
628 1454 747 1538 passim
772 1453 806 1517 in
837 1452 977 1537 simplici
1006 1451 1103 1516 verbo
1134 1460 1166 1516 et
1197 1452 1229 1514 in
1261 1447 1449 1534 corapositis
1471 1443 1527 1510 de-

338 1552 478 1620 formare
501 1556 531 1619 in
554 1557 718 1636 κέκλειμκι
739 1565 770 1622 et
788 1557 948 1636 κέκλομαι.
997 1557 1159 1622 Restitues
1179 1555 1282 1620 locum
1305 1556 1337 1618 in
1361 1554 1527 1636 integrum

339 1658 528 1725 scribendo:
564 1664 591 1726 oi
624 1660 936 1745 ξυγκεκλρμένοι
961 1662 1003 1726 πα
1034 1659 1174 1742 πλευρύ,
1209 1659 1328 1746 quibus
1354 1677 1372 1723 e
1396 1658 1528 1742 regione

339 1773 545 1849 opponuntur
566 1767 592 1830 ei
616 1768 950 1846 ανατοπταμένοι
976 1768 1049 1850 ὑπὲρ
1072 1769 1107 1833 τὸ
1127 1766 1257 1848 μέτριον.

386 1866 522 1933 Difficile
545 1876 594 1934 est
617 1889 679 1933 non
702 1871 868 1938 subridere
901 1871 940 1936 ad
962 1891 999 1938 ea
1030 1892 1112 1957 quae
1135 1870 1289 1956 leguntur
1323 1889 1353 1954 p.
1376 1871 1442 1945 48,
1467 1869 1526 1933 20:

336 1976 423 2040 ’Έςα
448 1973 461 2036 ὁ
485 1973 543 2051 μὲν
572 1975 615 2040 τοὶ
643 1974 736 2041 πέντε
759 1978 982 2056 ἀγωνιούμενος
1014 1979 1113 2058 βαρύς
1143 1979 1266 2054 μαλλον
1289 1974 1306 2051 ή
1329 1977 1444 2056 κοῦφος
1474 1971 1527 2037 καὶ

341 2083 453 2162 κοῦφος
477 2082 642 2158 μύλλονή
673 2083 784 2164 βαρύς.
833 2083 987 2149 Fideliter
1016 2083 1195 2168 interpres:
1232 2079 1339 2145 »Celui
1371 2079 1529 2164 quirent

340 2203 375 2251 se
401 2184 497 2249 livrer
518 2204 558 2250 au
583 2187 747 2271 pentatbie
775 2188 841 2254 doit
866 2190 935 2254 etro
957 2188 1057 2273 plntdt
1082 2187 1171 2252 lourd
1194 2208 1253 2272 qne
1276 2185 1378 2270 le'pcr,
1403 2191 1435 2249 et
1457 2183 1529 2268 plu·

341 2294 385 2355 tot
408 2290 492 2375 le'per
523 2311 582 2375 qne
612 2291 739 2358 lourd.''
786 2294 853 2358 Hoc
885 2313 961 2359 vero
994 2301 1042 2359 est
1075 2292 1136 2356 sibi
1165 2311 1224 2355 non
1260 2298 1418 2355 constare.
1467 2287 1528 2352 Ex-

341 2402 451 2480 specto
474 2394 632 2479 quomodo
657 2396 735 2462 haec
770 2399 836 2462 sint
856 2399 1042 2463 excusaturi
1066 2398 1121 2483 qui
1144 2393 1315 2461 manifesta
1336 2391 1529 2459 emblemata

342 2518 525 2585 expungere
547 2509 651 2565 contre
677 2502 828 2566 librorum
853 2502 948 2587 fidem
974 2521 1034 2566 non
1060 2501 1209 2566 audeant.

389 2604 477 2682 Quae
510 2610 691 2688 sequuntur
714 2604 841 2670 turbida
873 2627 943 2672 esse
972 2614 1004 2671 et
1036 2605 1194 2671 blineidea
1224 2604 1422 2671 demonstrat
1446 2603 1530 2669 mira

342 2707 523 2793 scripturae
557 2709 590 2772 in
621 2709 803 2796 apographo
838 2710 1066 2797 discrepantia.
1120 2712 1182 2775 Pro
1212 2711 1257 2790 μή
1292 2708 1530 2789 κεκολασμένος.

343 2812 466 2895 Ἐχέτω
488 2813 540 2878 καὶ
566 2822 629 2879 τοῖν
652 2824 772 2881 σκελοῖν
792 2823 916 2898 μακρῶς
935 2821 1059 2896 μᾶλλον
1083 2816 1099 2892 ή
1124 2814 1305 2896 ξυμμέτρους
1331 2814 1374 2902 (p.
1393 2819 1458 2891 50,
1485 2813 1530 2900 1.)

342 2918 435 3005 prins
469 2917 618 2985 dederat:
657 2921 709 2986 καὶ
745 2923 801 2998 τήν
834 2947 870 2988 τε
903 2925 936 2988 έκ
961 2921 1076 3002 γαςρύς
1109 2919 1239 2999 ύγκιοσιν
1262 2929 1325 2986 τοῖν
1348 2920 1379 2985 δέ
1410 2926 1531 2985 σκελοῖν

343 3030 467 3106 μακρῶς
501 3028 627 3104 μαλλον
660 3027 677 3103 ή
711 3024 918 3106 ξυγκειμένους
954 3027 1094 3115 [ἕχέσοι].
1149 3025 1270 3091 Deinde
1298 3044 1355 3110 pro
1386 3025 1439 3089 uei
1476 3032 1531 3100 τῆς

345 3127 459 3210 ύσφύος
483 3130 580 3210 ὑγρῶς
602 3156 637 3196 τε
662 3132 714 3196 καὶ
740 3132 871 3206 εύκύλιυς
893 3131 943 3198 διού
967 3159 1003 3198 τε
1027 3132 1085 3205 τοὶς
1107 3127 1284 3213 ύποςροφοές
1308 3129 1373 3194 κτὲ.
1400 3112 1532 3194 8811ιί-

344 3234 390 3297 no
415 3232 644 3319 descripserat:
675 3235 717 3300 τύ
742 3261 777 3300 τε
802 3239 954 3316 βραχίονα
978 3239 1164 3317 εύπεριήγῶς
1194 3239 1319 3314 μᾶλλον
1344 3234 1361 3310 ή
1387 3235 1426 3306 ὥς
1455 3258 1532 3313 συγ·

346 3340 505 3404 κεκλῖσύαι
528 3338 579 3403 δια
602 3363 638 3402 τε
661 3340 720 3413 τοὶς
751 3339 940 3421 ύποςροφής.
991 3341 1093 3406 Satin'
1120 3339 1324 3405 manifestum
1358 3346 1407 3404 est
1432 3339 1533 3404 honri·

346 3461 420 3508 nem
444 3463 506 3507 nori
538 3443 655 3508 librum
684 3452 825 3510 veterem
855 3443 915 3511 Ms.
949 3447 1040 3531 sequi
1076 3445 1132 3511 sed
1164 3453 1286 3510 temere
1310 3443 1467 3529 quidquid
1500 3445 1533 3508 io

346 3547 481 3613 buccam
520 3549 643 3614 venerit
675 3548 714 3614 de
747 3570 804 3616 suo
839 3551 1063 3616 comminisci?
1111 3551 1187 3615 Post
1210 3568 1312 3635 pauca
1345 3568 1394 3616 vs.
1418 3555 1450 3618 ὅ.
1478 3569 1534 3635 pro

347 3653 537 3735 οἰλυπύτερον
561 3654 593 3718 δέ
614 3655 742 3732 πήδήσει
769 3657 898 3742 requiro
921 3655 1051 3742 probam
1081 3656 1218 3721 iormanr
1241 3656 1423 3731 πηδήσεται.
1472 3654 1534 3720 Ve-

347 3767 434 3824 teres
469 3760 555 3823 enim
588 3769 619 3824 et
653 3759 777 3844 probati
812 3762 985 3846 scriptores
1017 3781 1127 3827 omnes
1160 3762 1336 3839 πκδήσομαι
1368 3759 1534 3825 dixerunt.

348 3863 384 3928 in
411 3862 623 3948 Theophrasti
647 3864 759 3931 Codice
791 3866 935 3932 Palatino
961 3868 993 3932 iu
1026 3867 1129 3952 capite
1160 3863 1226 3946 περὶ
1261 3865 1537 3948 μικροφιλοτιμίοος

348 3978 436 4033 recte
466 3966 608 4051 legitur:
643 3971 696 4035 καὶ
730 3972 834 4052 κολοιῷ
862 3973 893 4037 δέ
926 3972 1005 4038 ένδον
1036 3971 1212 4054 τρεφομένῳ
1243 3971 1336 4042 δεινὸς
1371 3969 1538 4047 κλιμούκιον

348 4072 494 4154 πρίασθαι
520 4074 571 4138 καὶ
602 4075 744 4140 οὶσπιδιον
768 4083 910 4156 χαλκοῦν
938 4086 1084 4154 ποιήσαι,
1109 4073 1122 4139 ὃ
1147 4075 1228 4157 έχων
1252 4076 1303 4141 ἐπὶ
1335 4079 1389 4140 τοῦ
1421 4089 1537 4152 κλιμα-

348 4177 413 4244 κέου
442 4179 455 4241 ὃ
485 4179 599 4252 κολοιὸς
628 4179 874 4259 πηδήσεται,
907 4181 1087 4247 inconsulto
1118 4180 1263 4246 homines
1290 4178 1376 4245 docti
1406 4178 1538 4254 πκδήτερ

348 4282 568 4370 reponendum
602 4292 808 4351 censuerunt.
865 4286 986 4352 Deinde
1019 4306 1066 4351 vs.
1093 4290 1124 4354 7.
1160 4285 1302 4352 rescribe
1336 4284 1538 4351 δισκεύσει

348 4390 411 4472 γαρ
436 4393 541 4473 πολλήνΙ
567 4389 689 4471 ν’ύμεινον
714 4391 748 4467 ήν
770 4393 836 4458 κτὲ.
864 4411 921 4477 pro
942 4391 1082 4457 δισκεύει.
1130 4391 1306 4458 Emendate
1330 4389 1451 4475 legitur
1475 4397 1539 4455 sia·

348 4497 427 4560 tim:
454 4496 651 4580 εὐκολώτερον
682 4499 842 4574 κινήσει
866 4499 900 4562 τὸ
926 4497 1073 4562 ήκύντιον.
1138 4516 1141 4520 “
