3270 5190
799 410 840 475 57

224 581 296 672 plus
328 585 488 651 exactes'’
545 582 610 648 Non
647 590 733 647 tante
764 592 832 648 crat
868 585 1051 652 Philostrati
1087 587 1278 674 diligentia,
1314 608 1416 675 neque

223 692 399 776 quidquam
425 688 608 755 huiusmodi
634 686 821 773 pollicetur:
860 690 902 753 τώ
935 697 994 756 τῶν
1022 694 1149 758 Ἠλείων
1175 694 1339 779 significat
1371 695 1414 761 τά

221 799 250 860 ἑν
271 798 376 861 Ἤλιδι
409 796 614 876 νομιζόμενκ,
647 794 689 857 τά
725 795 922 872 Ὀλνμτίονσι
948 797 1095 875 δρώμενκ.
1145 798 1213 863 llllc
1244 801 1331 864 enirn
1365 820 1415 865 ve·

223 912 288 966 tera
313 903 463 965 instituta
488 920 525 964 ac
551 919 618 963 mos
647 898 804 962 maiorum
841 898 895 986 (τά
919 899 1050 987 τάτρικ)
1089 901 1335 988 diligentissime
1361 903 1415 967 ob-

221 1005 433 1070 servabantur
457 1003 509 1069 κκὶ
534 1003 731 1083 ἀκριβὲςκτκ
761 1001 804 1079 ἦν.
856 1004 938 1068 llaec
972 1006 1073 1089 igitur
1107 1027 1141 1071 se
1173 1007 1290 1093 ubique
1319 1029 1414 1095 appo-

223 1112 364 1175 siturum
390 1129 459 1175 esse
492 1109 675 1194 promittit,
712 1105 808 1191 idque
840 1116 870 1172 et
896 1108 973 1172 alibi
1007 1109 1083 1174 lecit
1107 1120 1139 1174 ct
1175 1131 1207 1195 p.
1229 1117 1268 1187 8,
1297 1117 1347 1177 12.
1376 1132 1414 1178 ex

223 1236 285 1300 quo
318 1215 387 1280 loco
417 1213 533 1299 duplex
568 1211 721 1278 mendum
757 1210 929 1277 eluendum
955 1223 1016 1297 est.
1063 1214 1211 1279 Alterum
1244 1215 1312 1280 leve
1344 1224 1413 1282 est:

224 1342 284 1385 non
309 1321 393 1384 enim
419 1320 615 1383 διέκειντο
645 1318 695 1381 ἐπὶ
724 1321 777 1382 τοῦ
802 1318 910 1394 βωμοῦ
935 1318 977 1381 τά
1006 1318 1094 1398 ἱερά,
1120 1319 1173 1383 sed
1198 1321 1344 1385 διέκειτοε
1370 1321 1413 1386 ul·

223 1436 328 1491 terum
354 1432 403 1487 est
428 1423 657 1506 gravissimum
695 1441 732 1484 ac
757 1419 883 1485 loedum
909 1423 1024 1486 vitium
1056 1424 1087 1486 in
1119 1423 1245 1488 verbis:
1281 1425 1412 1490 Στάδιον

223 1530 255 1594 δὲ
276 1530 301 1592 οἱ
322 1529 440 1606 δρομεῖς
464 1527 694 1606 ἀπείχοντο
716 1531 769 1590 τοῦ
791 1527 910 1604 βωμοῦ.
961 1525 1133 1592 Credebam
1156 1529 1321 1609 ἀντέχομοοι
1344 1549 1416 1594 csse·

224 1633 362 1697 abstineo
387 1651 455 1694 mc:
481 1650 609 1714 pergem
635 1627 767 1694 eredere
789 1636 820 1693 et
843 1628 957 1695 deletis
984 1630 1108 1695 duabus
1133 1632 1307 1711 litterulis,
1332 1654 1412 1719 quas

225 1737 337 1824 llyoas
368 1735 446 1799 olias
471 1755 521 1799 res
544 1754 641 1818 agens
662 1735 808 1818 repetiit,
841 1734 1016 1800 emendabo
1041 1737 1142 1804 ςάδιον
1166 1775 1212 1785 —-
1234 1739 1411 1819 ἀπεῖχον

224 1847 278 1907 τοῦ
311 1842 429 1918 βωμοῦ.
485 1838 662 1903 Virletnrne
696 1839 753 1904 tibi
788 1839 907 1905 Graece
940 1841 1024 1904 scire
1055 1843 1108 1925 qui
1140 1851 1204 1905 tarr]
1236 1843 1410 1908 immanem

223 1964 364 2011 errorem
392 1963 430 2006 ne
455 1945 638 2028 suspicatus
670 1952 719 2009 est
750 1943 905 2028 quidem?
941 1944 1049 2024 Quid?
1084 1947 1137 2029 qni
1165 1965 1236 2010 etim
1268 1947 1335 2030 ipse
1366 1948 1412 2009 in·

223 2051 319 2116 vexit.
369 2048 516 2123 Sullae,
542 2068 680 2133 quornm
717 2049 876 2112 inscitiam
912 2057 943 2112 et
978 2055 1141 2132 stuporem
1174 2052 1337 2133 exagitare
1365 2071 1411 2114 so·

221 2156 344 2230 lemine,
369 2173 430 2217 non
455 2151 640 2216 nesciebant
665 2171 734 2215 esse
758 2150 880 2236 aliquid
906 2153 991 2217 inter
1014 2153 1148 2234 ἀπέχειν
1171 2163 1202 2219 et
1221 2154 1409 2235 ἀτὲχεσώκι.

223 2257 284 2339 Qui
315 2277 353 2323 ex
383 2257 542 2320 Burnovio
580 2257 709 2340 sapiunt
732 2275 825 2341 saepe
856 2256 922 2321 vidi
954 2257 1060 2321 omnia
1083 2257 1266 2323 huiusmodi
1293 2278 1412 2343 susque

222 2363 326 2447 deque
352 2360 479 2428 babere.
528 2360 715 2424 Notavimus
739 2380 835 2444 supra
858 2359 907 2426 ἵνκ
931 2362 1099 2443 τράττοιτο
1122 2384 1179 2449 pro
1202 2361 1250 2429 ἵνκ
1269 2364 1409 2446 τράττοι.

221 2466 312 2532 Addo
335 2468 467 2532 tertium
494 2486 531 2530 ex
561 2484 633 2550 pag.
661 2469 720 2543 δῦ,
747 2471 808 2531 1οε
845 2470 946 2533 ἐκεῖνο
975 2468 1067 2544 ἢούκ
1092 2471 1273 2545 ε’νιιςάσετοοι
1299 2471 1312 2533 ὁ
1339 2493 1410 2534 τονι-

221 2573 362 2652 avolent
400 2571 416 2647 l
448 2572 474 2635 εἰ
509 2572 743 2648 γινώσκοιτο
774 2574 905 2652 τονάρως
939 2572 989 2638 ε’τὶ
1024 2583 1088 2647 τοῖς
1121 2576 1209 2639 narsi
1245 2576 1409 2655 χρήσετοιι.

220 2679 403 2761 lnterpres:
442 2705 514 2732 ν-
540 2695 602 2749 ou,
640 2675 691 2738 s’il
723 2674 768 2739 les
798 2679 943 2752 connati,
976 2678 997 2741 il
1023 2698 1060 2742 cn
1092 2676 1157 2742 scra
1192 2699 1234 2742 un
1264 2680 1409 2743 rnanvais

222 2782 353 2866 usage.''
386 2781 513 2865 Ergone
536 2780 749 2858 γιγνώσκομονι
776 2801 831 2864 pro
856 2784 1018 2858 γιγνώσκω
1043 2781 1106 2846 dici
1131 2783 1256 2867 potest?
1282 2783 1408 2866 Nugael

219 2884 362 2952 rescribe
387 2886 507 2963 sodestl
523 2887 547 2948 εἰ
572 2885 810 2962 γιγνώσκοι,
836 2894 866 2948 et
891 2904 967 2949 cave
989 2885 1047 2948 unt
1072 2884 1208 2961 altillo,
1233 2885 1408 2970 quitatem

219 2995 415 3078 scripturam
451 3011 488 3055 ex
522 2988 602 3052 lilno
634 2988 690 3052 lls.
726 2988 906 3072 protulerit.
965 2987 1152 3054 Scribarum
1185 2992 1290 3065 natio,
1327 3010 1408 3074 quoe

220 3109 286 3164 tam
312 3097 395 3162 male
425 3096 531 3171 audit,
564 3102 595 3158 et
620 3092 726 3158 hercle
757 3113 817 3156 non
843 3094 982 3171 iniuria,
1019 3114 1080 3158 non
1106 3093 1199 3160 laoile
1231 3095 1407 3180 quidquam

219 3202 404 3270 huiusmodi
445 3201 653 3284 designasset.
709 3198 882 3282 Designant
918 3197 993 3262 talia
1027 3199 1112 3264 docti
1149 3199 1315 3277 Editores,
1353 3201 1408 3284 qui

219 3311 339 3395 optime
364 3308 482 3373 Graece
505 3307 588 3368 seire
608 3311 776 3388 putantur.
827 3303 886 3368 Sed
914 3303 1007 3369 redeo
1033 3305 1109 3370 illuc
1134 3306 1217 3371 irnde
1242 3305 1408 3390 digressus

219 3435 303 3480 stttn.
352 3413 441 3477 'Errel
466 3412 496 3475 δὲ
521 3413 634 3474 Ἠλεῖοι
661 3410 802 3483 ώῦσειοον,
836 3408 956 3491 legitur
981 3429 1011 3492 p.
1036 3415 1077 3486 8,
1106 3415 1167 3483 16,
1192 3410 1249 3475 ἔδει
1274 3412 1330 3488 μὲν
1354 3410 1405 3474 uoci

219 3522 288 3591 τοὺς
328 3521 587 3587 ἀτκντῦντοος
623 3514 779 3587 Ἑλλήνων
813 3513 891 3577 dilen
927 3515 1059 3592 ώεωροώς.
1120 3513 1277 3578 Abhorret
1311 3534 1328 3578 a
1360 3515 1407 3578 rei

219 3634 335 3689 natura
369 3631 401 3687 et
434 3620 580 3706 loquendi
611 3637 670 3682 usn
696 3615 827 3681 verbum
852 3619 1008 3681 ἀτκντάν.
1060 3618 1141 3697 Quid
1176 3617 1298 3682 resulta?
1334 3618 1406 3682 Cor·

219 3732 309 3815 rige:
334 3728 385 3792 κοώ
408 3728 477 3798 τοὺς
508 3727 581 3789 ἀτδ
612 3723 759 3788 σάντων
791 3728 849 3786 τῶν
868 3724 1029 3797 Ἑλλήνων
1053 3723 1130 3786 deletu
1153 3724 1284 3802 θεωρούς.
1334 3722 1405 3786 Sae-

220 3837 293 3920 pius
317 3834 523 3899 ἀτκντώντων
548 3838 579 3894 et
600 3827 747 3893 ἀτάντων
770 3836 800 3892 et
832 3829 904 3892 sim.
939 3829 1024 3891 inter
1056 3849 1089 3892 se
1112 3828 1174 3890 ridi
1206 3830 1405 3912 permutari,

220 3941 315 4005 cuius
339 3940 385 4003 rei
408 3937 486 4000 alias
520 3933 663 4018 exempla
688 3933 844 4018 quaedam
879 3953 957 3997 nova
991 3931 1161 4022 proleram.
1209 3933 1302 3999 Brevi
1333 3935 1406 4019 post

220 4045 332 4132 llynas
357 4041 529 4107 articulum
564 4047 767 4125 praepostere
801 4039 937 4103 inseruit
974 4058 1044 4123 pag.
1069 4044 1130 4114 10,
1158 4046 1196 4103 t:
1231 4039 1354 4120 ἔτρεχον
1379 4042 1404 4103 οἱ

220 4152 338 4230 δρομεῖς
370 4152 536 4217 κομιοῦντες
560 4145 594 4208 τὸ
628 4143 781 4217 {laetenti
810 4141 864 4205 κονὶ
888 4143 985 4208 τάλιν
1021 4146 1064 4216 εἰς
1088 4143 1201 4209 rateto
1237 4145 1404 4224 ε’τέςρεφον

223 4257 277 4345 [οἱ]
303 4253 517 4332 ἀγγέλλοντες
539 4248 583 4314 ὅτι
605 4250 639 4323 δὴ
659 4246 802 4329 ἀφίξοιτο
826 4251 843 4322 ἡ
868 4248 986 4320 ‘Ennius
1003 4248 1177 4329 χοώρονσκε
1204 4247 1290 4311 nullo
1311 4247 1405 4310 modo

220 4361 352 4425 retineri
387 4376 478 4442 posse
507 4357 531 4420 ol
563 4354 636 4439 quis
673 4373 734 4417 non
761 4351 880 4417 sentit?
930 4349 1049 4415 lterum
1085 4348 1216 4414 ollemlit
1248 4349 1405 4415 articulus

219 4464 269 4530 bis
293 4463 375 4530 mele
407 4460 535 4526 additus
572 4464 679 4544 p.10‚
706 4464 740 4523 5:
772 4458 838 4544 [Oi]
874 4455 973 4538 δρόμοι
1006 4456 1036 4521 δὲ
1062 4456 1189 4520 innisae
1214 4455 1322 4520 nonnul
1346 4457 1403 4533 μὲν
