3270 5190
903 439 943 500 78

320 611 445 678 txvn.
484 615 608 685 -Φανοῖς
644 611 818 686 Πελλννεὺς
855 610 968 680 ςιίδιον.
1003 615 1122 692 Πρῶτος
1155 610 1330 690 ἐτρίοσευοε
1365 614 1512 689 δίαυλον,

321 714 426 783 ὁπλον.
484 715 667 802 Lugendum
703 725 772 782 esi:
808 717 1006 797 ἕτρίοοευοε,
1043 711 1194 803 (editor),
1225 716 1369 794 δίαυλον,
1404 717 1511 785 ὁπλον.

322 823 464 888 Alterius
496 822 634 905 τριττύος
669 820 851 907 exemplum
884 827 933 886 est
968 819 1053 906 apud
1087 821 1277 886 Pausaniam
1300 821 1356 888 Vl.
1381 844 1448 889 xrrr.
1474 829 1511 890 5:

321 930 455 1004 Πολίτης
479 931 513 993 ἐκ
534 927 676 1007 Κεροίροου
700 927 825 1007 δολιχοῦ
850 951 885 990 τε
909 926 940 989 ἐν
964 925 1063 1010 ἧροίρα
1087 935 1125 1009 τῇ
1150 927 1231 1008 αὐτῇ
1253 925 1304 992 καὶ
1330 930 1512 1010 παραυτίκα

321 1035 426 1105 ςαδίου
461 1033 570 1112 λαβὼν
595 1032 677 1106 νίκκν
709 1031 872 1113 προοὲύιρκε
897 1031 1022 1096 διαύλου
1054 1032 1144 1114 σφίσι
1177 1031 1233 1105 τὴν
1263 1032 1379 1112 τρίταν.
1430 1033 1511 1099 Huic

321 1140 430 1206 statim
464 1137 660 1203 mentionem
686 1135 843 1202 Leonidae
875 1134 1064 1221 subiungit,
1090 1155 1185 1222 quem
1221 1140 1366 1202 omniurn
1401 1138 1513 1205 laudes

320 1263 488 1330 superasse
519 1250 632 1307 auctor
664 1250 723 1308 est.
771 1242 911 1328 Apparet
943 1241 976 1306 in
1009 1239 1060 1306 his
1093 1241 1242 1308 omnihus
1272 1244 1392 1308 servari
1425 1244 1512 1310 urdi-

319 1370 393 1416 nem
419 1350 451 1415 in
477 1348 556 1435 ipsis
580 1344 665 1412 ludis
694 1346 849 1412 usitatum
875 1346 998 1425 ςοὸδιον,
1022 1347 1168 1426 δίαυλον,
1192 1345 1286 1414 ὁπλον
1311 1357 1342 1415 et
1366 1348 1512 1431 δολιχόν,

320 1454 440 1530 τοίδιον,
464 1454 598 1520 δίαυλον.
646 1453 776 1518 Constat
799 1453 896 1519 etiam
923 1451 1054 1520 aliunde
1075 1454 1109 1519 τὸ
1134 1452 1266 1535 τριοίζειν
1299 1454 1338 1520 de
1372 1455 1511 1520 cursori·

320 1559 381 1626 hus
414 1559 536 1624 dictum
575 1577 592 1622 a
622 1558 753 1624 Graecis
789 1558 833 1622 ita
867 1558 993 1644 accipi,
1036 1566 1074 1623 ut
1109 1559 1249 1644 aegilam
1286 1559 1353 1642 περὶ
1386 1560 1513 1637 ςαδίου,

320 1668 445 1734 διαύλου
469 1663 521 1730 καί
546 1663 684 1746 δολιχοῦ.
732 1661 906 1748 Apparebit
928 1661 987 1728 hoe
1010 1683 1050 1730 ex
1082 1664 1187 1730 Photii
1218 1663 1333 1730 Lexico
1363 1685 1391 1728 v.
1424 1673 1454 1729 T
1464 1688 1512 1746 ρι·

211 1799 215 1807 ·
321 1772 506 1852 αχύιῖναι
540 1767 685 1845 λέγουσιν
719 1770 746 1834 οῖ
781 1769 977 1848 παλαιςρικοὶ
1020 1770 1089 1835 οὸντὶ
1122 1775 1175 1835 τοῦ
1217 1769 1306 1850 τρίς
1343 1778 1510 1844 πεσεῖν,

322 1879 340 1954 ἢ
364 1877 399 1942 τὸ
423 1873 487 1956 τρίς
511 1870 716 1955 τροχοίοαντα
740 1875 892 1949 νικκύιῖναι
918 1873 1042 1951 τοίδιον,
1067 1875 1212 1953 δίαυλον,
1248 1875 1382 1956 δολιχὸν.
1417 1872 1512 1948 οὕτως

325 1980 510 2059 Θευγενίδνς
545 1979 576 2043 ἐν
609 1985 776 2053 Δικαςαῖς.
824 1981 1018 2061 Τριαχύῖναι
1050 1979 1104 2046 illo
1133 2001 1231 2046 sensu
1258 1999 1277 2045 a
1307 1980 1434 2045 uomica
1459 1980 1513 2045 πέ-

322 2110 478 2162 παικται,
503 2082 559 2149 sed
592 2081 706 2149 doctus
741 2082 980 2150 Grammaticus
1011 2085 1056 2151 ita
1079 2086 1183 2172 aperit
1208 2083 1295 2151 verhi
1320 2105 1451 2152 sensum
1477 2094 1515 2151 ut

323 2189 471 2258 ostendat
502 2188 579 2275 quid
614 2188 656 2253 sil
682 2189 713 2252 ln
739 2208 872 2256 cursore
906 2191 941 2256 τδ
976 2189 1108 2272 τριοίζειν
1138 2199 1170 2258 el
1198 2191 1233 2256 τὸ
1267 2193 1393 2273 τριαςὸιν
1423 2187 1513 2257 εἶναι.

323 2297 538 2364 Coniunxerat
571 2293 682 2360 eadem
718 2295 853 2370 Πολίτης
889 2297 1087 2379 Κοραρίτκς,
1125 2295 1179 2381 qui
1215 2295 1255 2361 ad
1290 2293 1514 2382 Olympiadem

322 2402 439 2468 CCXII.
472 2402 503 2466 ἐν
530 2408 569 2481 τῇ
602 2401 775 2483 ἀναγραφῇ
812 2401 915 2467 victor
945 2402 1088 2488 scriptus
1116 2409 1175 2467 esl.
1223 2400 1378 2467 Leonidas
1401 2408 1512 2467 tamen

323 2509 375 2574 τὸν
399 2507 528 2579 ὁπλίτνν
552 2503 659 2584 δρόμον
682 2523 757 2568 cunt
790 2506 883 2587 ςαδίῳ
908 2514 939 2572 el
961 2507 1076 2588 diradare
1106 2506 1339 2582 coniunxerat,
1363 2513 1400 2571 ut
1424 2513 1514 2591 palei

323 2632 360 2679 ex
387 2612 427 2675 iis
447 2628 529 2695 quae
550 2608 636 2693 apud
667 2607 897 2675 Philostratom
923 2612 1076 2676 continuo
1110 2619 1292 2696 sequuntur
1322 2632 1353 2698 p.
1377 2616 1443 2690 ὁὸ,
1471 2617 1513 2676 5:

323 2716 374 2782 τδν
398 2716 453 2795 μὲν
477 2715 512 2789 dh
537 2713 805 2780 ὁπλιτεύοντα
829 2716 949 2797 πλευραί
972 2741 1008 2781 τε
1032 2718 1150 2794 εὐρονίκιρ
1186 2717 1423 2799 παραπεμπὲτυ
1445 2718 1513 2782 κτὲ.

324 2820 446 2887 Similis
484 2819 636 2886 victoriae
680 2820 836 2886 internoria
873 2829 976 2887 exstat
1012 2822 1043 2885 in
1085 2822 1201 2887 eximio
1240 2821 1420 2908 fragmento
1454 2830 1512 2897 τῆς

324 2932 569 3005 Ὀλυμπιονικῶν
605 2925 657 2991 καὶ
692 2933 837 3007 χρονικῶν
877 2935 1063 3013 συναγωγῆς
1108 2925 1292 3012 Phlegontis
1335 2926 1512 3003 Tralliani,

323 3032 407 3119 quod
432 3032 571 3098 servavit
600 3029 730 3096 Photius
754 3032 787 3096 in
811 3032 960 3097 Biblioth.
985 3033 1059 3098 eod.
1081 3036 1135 3098 97.
1160 3033 1211 3098 ἐπὶ
1233 3041 1288 3109 τοῖς
1310 3034 1369 3116 ροζ’
1390 3037 1513 3112 Ὀλυμ·

324 3138 430 3212 πιοίδος
454 3139 539 3204 ἐνίκα
561 3135 760 3214 ‘ducatuum
794 3140 946 3214 Μιλήσιος
976 3137 1079 3207 ςοίδιον
1102 3137 1154 3204 καί
1184 3137 1307 3204 δίαυλον
1338 3139 1390 3204 καί
1423 3139 1512 3203 ὁπλί·

322 3268 402 3319 raa,
437 3252 468 3307 el
500 3250 570 3327 post
604 3264 706 3330 pauca
731 3246 870 3310 iterum:
901 3243 1102 3320 Ἓκατύρκνυο
1128 3246 1350 3321 Μιλήσιος-
1372 3243 1416 3310 τοὸ
1439 3244 1513 3326 τρία

323 3349 499 3427 ε’ςεφανύύκ
524 3348 648 3427 ςοίδιον,
671 3350 817 3426 δίαυλον,
841 3347 994 3423 ὁπλίτιρν,
1020 3347 1113 3433 plane
1132 3357 1169 3414 ut
1192 3349 1230 3414 de
1255 3348 1396 3416 Leonida
1427 3347 1513 3415 Rho·

324 3451 376 3518 dio
397 3452 528 3537 scripsit
559 3453 793 3532 Philostratus,
827 3450 910 3539 apud
944 3472 1037 3539 quem
1072 3454 1185 3520 vitium
1214 3454 1325 3520 haeret
1354 3457 1386 3519 in
1416 3473 1512 3520 aecu-

323 3559 426 3624 sativo
450 3559 590 3635 ὁτλίτνν.
638 3560 731 3625 Certo
753 3578 814 3624 usu
834 3559 941 3636 enim,
973 3568 1009 3624 ut
1041 3558 1125 3646 apud
1158 3558 1362 3643 Phlegontem
1399 3558 1511 3637 rideS‚

323 3665 454 3740 ὁπλίτας
478 3663 711 3751 appellatorio
734 3664 821 3730 ludis
846 3684 908 3730 uon
933 3665 946 3730 ὁ
971 3665 1120 3746 δρυμούς,
1145 3663 1199 3730 sed
1223 3665 1236 3730 ὁ
1261 3665 1377 3746 δρόμος.
1427 3663 1512 3730 llici-

323 3777 379 3836 lttr
400 3769 501 3852 δρὸριοι
525 3771 672 3847 ὁπλῖται,
706 3779 741 3836 ut
765 3769 864 3852 δρόμοι
889 3770 1030 3849 ἔνοπλοι,
1064 3777 1096 3836 et
1125 3772 1252 3837 ὁπλίτου
1276 3776 1407 3850 τυχεῖν,
1442 3767 1510 3835 vid.

322 3896 354 3961 p.
380 3881 444 3953 10,
471 3880 511 3940 5:
547 3879 607 3953 12,
632 3879 670 3942 6:
704 3880 763 3952 24,
788 3878 819 3939 ὁ.
868 3875 1031 3956 Quomodo
1064 3877 1165 3961 igitur
1199 3875 1358 3950 ὁτλίτνν
1393 3874 1424 3941 δὲ
1456 3873 1510 3939 καί

322 3981 427 4050 ταδίου
462 3981 616 4057 ὁγυνιςήυ
645 3999 835 4067 componere
864 3980 995 4066 potuit?
1043 3981 1135 4046 Nullo
1162 3980 1276 4059 modo,
1312 3979 1366 4046 sed
1399 3979 1512 4046 ὁπλί-

322 4108 389 4150 του
414 4085 445 4149 δὲ
469 4083 521 4147 καῖ
547 4086 651 4153 ςαδίου
675 4082 910 4151 restituendum
935 4094 994 4151 est.

375 4187 559 4256 Ahsurdum
594 4190 766 4256 manifesto
794 4199 843 4257 est
877 4211 907 4277 p.
931 4195 996 4266 58,
1022 4195 1060 4256 8:
1094 4192 1210 4275 ῖοχυρὸο
1241 4192 1304 4274 γὸνρ
1335 4195 1441 4257 ταῦτα
1464 4225 1513 4242 --

322 4295 374 4362 καί
398 4302 556 4361 παλαῖσαι
578 4296 635 4375 μὲν
659 4292 791 4375 ἥττονα,
815 4298 1085 4378 παλαιςρικύτερα
1108 4297 1140 4362 δὲ
1161 4305 1220 4364 τοῖν
1240 4295 1355 4363 ίιλλυν.
1402 4294 1513 4362 Nihilo

322 4402 430 4468 sanior
453 4411 501 4466 est
523 4401 766 4488 interpretatio:
801 4401 859 4468 »de
884 4401 973 4467 telles
996 4403 1151 4487 puitrines
1175 4409 1264 4480 sont,
1299 4401 1319 4466 il
1344 4407 1392 4467 est
1418 4403 1512 4479 urai,

321 4508 425 4572 moins
450 4505 568 4572 loannes
589 4529 669 4594 poor
693 4508 724 4573 lc
748 4507 846 4583 lutto,
873 4507 954 4573 inuis
977 4506 1052 4573 elles
1074 4509 1287 4575 conviennent
1311 4508 1419 4574 rnieux
1446 4527 1513 4594 que
