3270 5190
922 450 964 512 60

345 622 542 705 aivlaugian
566 618 605 685 νίν
635 621 700 685 uri.
748 622 783 688 ln
808 617 859 687 bis
887 627 1093 706 opponuntur
1125 616 1294 684 manifesto
1322 615 1408 685 inter
1438 639 1473 686 se
1497 639 1537 686 ac

344 727 405 792 sibi
440 726 653 812 respondent:
698 725 769 807 Περὶ
803 728 859 805 μὲν
891 726 926 802 δὴ
959 726 1101 804 σώματος
1135 725 1310 802 νίναλογίας
1339 733 1371 789 et
1400 725 1467 806 περ)
1503 727 1536 791 δὲ

344 831 478 913 κρίσεων
502 831 613 897 ὁπόσαι
637 832 722 898 είοίν.
770 832 806 897 In
832 831 892 897 bac
925 832 1026 915 igitur
1058 828 1277 895 membrorum
1315 830 1537 896 concinnitate

344 937 371 1000 si
401 935 500 1001 altera
531 957 605 1022 pars
641 937 769 1022 integra
805 943 854 1001 est
890 956 929 1001 ex
957 934 1010 1000 illa
1043 932 1149 1018 colligi
1183 932 1383 1019 intelligique
1414 934 1536 1020 poterit

344 1039 422 1126 quid
447 1043 478 1105 in
504 1041 604 1106 altera
642 1043 685 1106 sit
717 1047 807 1127 parte
841 1040 1070 1127 reponendum.
1119 1039 1231 1124 ltaque
1255 1040 1282 1104 si
1307 1039 1374 1120 περὶ
1399 1037 1537 1119 κροίοεων

344 1145 465 1210 dicitur
484 1146 553 1212 οὔτε
587 1145 872 1228 succenturiata
896 1147 1117 1228 οίντιλεχθῆναι
1147 1142 1207 1222 ν’ίν,
1232 1145 1442 1230 consequitur
1465 1143 1535 1227 περὶ

344 1251 486 1330 σώματος
521 1253 695 1330 οίναλογίας
726 1274 785 1317 nou
815 1253 900 1318 inter
935 1269 1046 1315 omnes
1077 1258 1247 1328 constare,
1280 1248 1335 1314 sed
1369 1246 1408 1313 de
1430 1254 1468 1314 ea
1500 1267 1536 1314 re

344 1353 490 1421 homines
514 1355 707 1435 dissentire,
731 1356 764 1420 in
790 1354 933 1423 diversas
955 1363 1061 1442 partes
1083 1353 1267 1430 discedere,
1302 1352 1365 1418 alia
1394 1352 1467 1419 aliis
1489 1355 1535 1418 vi·

343 1458 421 1526 deri.
471 1460 554 1541 Quid
592 1461 692 1546 igitur
726 1470 775 1527 est
809 1482 866 1548 pro
901 1461 1069 1539 αναλογίαι
1103 1457 1364 1524 restituendum?
1412 1458 1536 1544 Nempe

342 1567 543 1645 ἀντιλογίαι,
576 1566 607 1630 id
633 1565 718 1652 quod
745 1566 818 1633 luce
848 1567 969 1632 clarius
1001 1574 1060 1631 cst.
1110 1562 1262 1649 Superest
1293 1564 1421 1642 δεαταί,
1447 1563 1533 1649 quod

343 1671 531 1736 vocabulum
555 1679 604 1736 est
622 1670 758 1737 ¹Graecis
782 1670 1019 1757 antiquioribus
1050 1669 1243 1734 inusitatum
1273 1675 1305 1733 et
1330 1666 1531 1734 inauditum:

343 1783 481 1839 utuntur
506 1794 542 1841 eo
571 1773 745 1840 Christiani
772 1784 804 1841 et
831 1774 1000 1852 Graeculi,
1025 1775 1081 1861 qui
1105 1772 1210 1839 δεκτόν
1246 1772 1406 1858 appellant
1435 1794 1531 1860 quem

342 1879 454 1945 latine
474 1889 651 1967 occeptum,
678 1878 710 1944 id
733 1887 780 1945 est
798 1890 942 1967 protum,
963 1879 1124 1956 dicimus,
1149 1886 1184 1942 ut
1202 1878 1236 1942 in
1261 1878 1437 1944 notissimis
1462 1899 1531 1945 ver·

342 1984 409 2050 bis:
445 1985 539 2059 οὐδεὶς
573 1987 734 2067 προφήτας
770 1986 917 2058 δεκτός
952 1987 1013 2055 ε’ςιν
1041 1986 1071 2049 ἐν
1104 1994 1143 2068 τῇ
1176 1983 1299 2064 carptis
1331 1984 1437 2050 αὑτοῦ.
1494 1984 1532 2048 ln

341 2088 545 2175 Alciphronis
584 2090 737 2177 Epistolis
762 2090 819 2157 ΙΙΙ.
855 2095 907 2156 70.
953 2090 1058 2163 δεκτός
1096 2108 1205 2154 errore
1248 2087 1429 2154 scribarum
1472 2108 1532 2174 pro

341 2197 463 2270 οίοτεῑος
500 2197 669 2282 irrepsisse
705 2197 889 2263 notavimus
925 2197 957 2261 in
991 2196 1066 2260 Var.
1092 2194 1192 2258 lectt.
1228 2214 1259 2279 p.
1287 2196 1341 2257 ll.
1387 2192 1455 2258 Non
1481 2201 1533 2259 est

298 2372 300 2377 ¹
341 2308 449 2366 autem
474 2299 539 2366 ulla
563 2299 723 2366 dubitatio
747 2302 824 2387 quin
850 2300 935 2388 aprrd
959 2300 1189 2366 Philostratunr
1222 2298 1255 2363 in
1280 2299 1418 2364 δεκταὶ
1443 2301 1531 2364 dver-

340 2405 447 2482 λογίαι
471 2404 559 2470 aliud
583 2405 660 2490 quid
684 2405 791 2472 lateat.
841 2406 902 2486 Qui
926 2407 1040 2472 acriter
1065 2413 1097 2470 et
1121 2404 1316 2470 vehementer
1336 2403 1531 2469 contradicit

340 2508 460 2575 Graece
482 2511 613 2583 δεινῶς
637 2509 813 2588 οίντιλίγειν
843 2510 965 2575 dicitur
988 2508 1163 2596 eodemque
1187 2507 1280 2573 modo
1312 2509 1444 2573 δειναὶ
1475 2511 1530 2575 οίν-

340 2614 476 2690 τιλογίαι
501 2612 724 2698 appellantur,
755 2613 840 2701 quod
862 2616 940 2701 quin
971 2614 1069 2680 lateat
1094 2613 1125 2678 in
1150 2615 1257 2680 δεκοαί
1282 2615 1450 2692 οίναλογίαι
1475 2634 1529 2680 ne·

341 2719 460 2783 minem
490 2738 607 2803 magno
641 2739 735 2804 opere
770 2720 994 2785 dubitaturum
1029 2739 1099 2785 esse
1128 2719 1278 2784 arbitror.
1328 2718 1408 2784 Vide
1441 2739 1528 2786 nono

341 2832 460 2908 quanta
484 2823 556 2890 luce
576 2823 664 2890 locus
688 2823 873 2910 splendeat:
899 2825 965 2907 περὶ
989 2825 1045 2905 μὲν
1070 2825 1105 2898 at
1130 2824 1273 2902 σώματος
1297 2823 1528 2902 ἀναλογίας-

341 2929 401 2994 είοί
424 2954 481 2995 πον
506 2930 559 2996 καί
590 2931 684 2997 δειναὶ
715 2933 960 3011 οίντιλογίαι
984 2969 1050 3009 -,
1083 2930 1149 3011 περὶ
1175 2931 1207 2995 δὲ
1237 2929 1369 3012 αοοίοειον
1390 2967 1436 2979 —-
1458 2928 1527 2995 οὔτε

341 3032 587 3116 οίντείρνταί
609 3061 667 3102 νιον
691 3037 761 3103 οὔτε
785 3036 1057 3118 οίντιλεχίείη
1090 3033 1139 3101 οίν.
1176 3033 1243 3098 Non
1267 3036 1335 3100 sine
1359 3035 1427 3099 risu
1453 3054 1527 3099 cum

301 3134 305 3141 ’
340 3137 391 3202 his
412 3139 573 3223 vulgatam
598 3141 658 3206 loci
683 3144 877 3228 scripturam
898 3161 1080 3227 compones.
1130 3139 1198 3205 Non
1220 3139 1358 3205 multum
1385 3139 1527 3204 mirabor

341 3244 368 3306 si
402 3243 777 3331 quandotcomperietur
811 3247 843 3311 in
876 3248 945 3333 ipso
976 3245 1089 3311 Codice
1118 3245 1213 3310 δειναί
1243 3246 1420 3323 ἀντιλογίαι
1457 3245 1527 3312 sinc

341 3345 457 3413 mendo
477 3348 633 3433 scriptum
657 3356 792 3416 exstare.

386 3452 496 3539 inepte
524 3453 664 3520 abundat
693 3453 884 3521 vccabulum
909 3476 940 3542 p.
963 3461 1024 3533 70,
1050 3460 1089 3521 5:
1114 3457 1221 3533 εὐίνιοι
1244 3453 1408 3534 γνμνοίοαι
1430 3453 1527 3519 νιοικί·

340 3574 398 3632 λοις
423 3559 462 3623 δι’
482 3561 636 3641 εὐμοιρίαν
667 3559 801 3641 κροίοεοις
838 3561 987 3650 [οίρίςας]·
1036 3559 1292 3646 Expungendum
1325 3578 1396 3624 esse
1418 3559 1525 3640 οίρίςης

339 3663 387 3729 sic
412 3664 530 3749 optime
563 3666 682 3732 senties
707 3685 807 3751 quum
844 3665 1110 3733 animadverteris
1142 3667 1179 3731 δι’
1208 3664 1361 3744 εὐμοιρίαν
1390 3663 1525 3746 apotecae

339 3766 500 3853 eleganter
522 3775 554 3835 et
578 3777 713 3836 venuste
743 3770 807 3838 dici
835 3792 892 3859 pro
921 3773 971 3838 δια
995 3772 1029 3838 τὸ
1054 3772 1196 3852 opicae
1230 3769 1365 3852 κοιίοεοις
1389 3793 1525 3851 rervm·

337 3872 432 3940 κίναι.

384 3977 519 4044 Frustra
540 3983 682 4066 quaesivi
708 3982 908 4050 emendatam
923 3983 1091 4049 lectionem
1117 4002 1147 4068 p.
1164 3985 1224 4057 λλ,
1246 3987 1276 4046 5.
1302 3980 1357 4046 ubi
1378 3985 1523 4044 veterum

337 4079 531 4150 athletarum
566 4083 665 4150 robur
699 4087 813 4174 ingens
844 4087 1033 4174 praedicans
1057 4087 1102 4152 ita
1134 4085 1264 4151 scribit:
1296 4089 1403 4151 ταῦτα
1435 4084 1466 4148 δὲ
1489 4084 1525 4158 δὴ

255 4217 256 4220 “
336 4189 551 4270 Πολνμιίςοοες
576 4190 627 4256 καί
661 4198 794 4259 Γλαῦκα
824 4194 876 4260 καὶ
901 4194 1047 4268 Ἀλνοί
1054 4216 1092 4257 αι
1117 4188 1385 4270 actualitatem
1410 4189 1423 4253 ὁ
1448 4200 1524 4254 Σκο·

336 4302 511 4366 οοοοοαῖοο.
560 4294 746 4363 ldendosum
771 4306 819 4364 est
842 4300 997 4373 Ἀλησίαν.
1043 4297 1134 4362 Latet
1159 4295 1274 4362 nobilis
1297 4293 1438 4361 athletae
1470 4313 1523 4358 no·

336 4416 431 4475 men,
467 4399 560 4466 cuins
586 4402 721 4489 uestigia
750 4412 782 4470 et
809 4403 894 4492 apud
925 4401 1100 4468 Eusebium
1132 4409 1280 4480 exstant,
1313 4399 1367 4466 sed
1396 4400 1431 4463 in
1455 4398 1523 4464 loco

335 4511 495 4588 corrupto.
533 4505 705 4574 Adnotavit
727 4509 812 4575 enirn
840 4509 876 4575 ad
898 4507 1118 4596 Olympiadem
1136 4507 1255 4574 LXXX.
1285 4509 1329 4595 (iu
1355 4503 1522 4572 Chronicis
