3270 5190
936 428 977 490 aa

367 601 461 686 σίριςα
485 602 728 682 παλαισάντων,
760 606 798 676 cio
830 602 881 668 σα
914 603 980 666 ὑπ’
1012 599 1120 681 αὐτῷ
1148 624 1197 677 γε
1229 600 1443 676 δηλοῦσιν·

638 719 797 775 ΑΡΙΣΤΑ
820 715 1185 774 ΑΓΩΝΙΣΑΜΕΝΟΣ.

414 812 496 895 Quid
520 813 649 879 tandem
675 814 735 879 sibi
760 814 871 879 volunt
895 812 1011 878 verba:
1041 815 1080 885 ὡς
1108 811 1151 876 πα
1177 812 1228 876 ὑπ’
1252 816 1336 897 αὐτῷ
1373 838 1412 891 γε
1450 815 1560 890 dutcia-

366 918 438 986 on?
484 918 666 1005 Respondet
700 920 883 1006 interpres:
927 936 1080 982 »comme
1116 916 1329 1003 l'inscription
1365 920 1560 1007 l’indique.''

366 1025 434 1091 Non
459 1025 576 1089 attinet
600 1023 743 1091 indicare
765 1025 845 1090 nibil
880 1023 972 1110 plane
1006 1021 1191 1088 huiusmodi
1222 1024 1253 1086 in
1290 1022 1420 1090 Graecis
1450 1025 1560 1093 verbis

367 1131 483 1195 inesse.
531 1128 567 1194 ld
603 1129 710 1215 ipsum
740 1139 847 1196 tamon
877 1149 978 1215 quum
1003 1128 1148 1214 requirat
1181 1126 1243 1193 loci
1278 1133 1459 1210 sementia,
1484 1153 1560 1198 con-

366 1236 514 1322 sequitur
537 1234 646 1301 eadem
674 1236 769 1302 verba
791 1237 901 1323 reponi
926 1241 1089 1320 oportere,
1122 1233 1239 1319 quibus
1264 1236 1438 1321 scriptores
1461 1235 1559 1304 Grae-

366 1341 395 1406 ci
423 1341 455 1405 in
480 1360 517 1406 ca
541 1360 598 1415 re,
625 1342 719 1408 ouius
742 1339 951 1428 perfrequens
977 1339 1098 1405 mentio
1122 1347 1191 1416 est,
1225 1347 1411 1406 constanter
1435 1343 1483 1407 uti
1508 1363 1557 1408 so·

366 1445 462 1511 leant.
511 1446 706 1531 Expromam
732 1466 833 1533 pauca
857 1445 1002 1532 exempla
1031 1464 1069 1510 cx
1094 1445 1272 1510 Pausaniae
1296 1444 1377 1510 libro
1401 1446 1452 1512 Vi.
1501 1449 1557 1515 Le·

366 1556 456 1638 gitur
473 1552 525 1616 Vl.
539 1572 591 1616 vn.
605 1556 642 1618 9:
668 1554 702 1619 τὸ
727 1554 919 1634 ἐπίγραμμα
943 1553 977 1617 τὸ
1003 1551 1052 1616 ἐπ’
1076 1551 1161 1632 αὐτῷ
1179 1551 1291 1632 Quoia,
1315 1559 1347 1616 ct
1367 1551 1419 1617 Vi.
1433 1572 1503 1621 rm.
1518 1559 1555 1620 7:

365 1660 400 1724 πὸ
424 1657 616 1737 ἐπίγραμμα
640 1661 674 1725 τὸ
698 1660 748 1725 ἐπ’
768 1661 852 1742 αὐτῷ
876 1658 1004 1738 μηνύει,
1028 1665 1059 1721 ei
1084 1655 1139 1724 Vl.
1166 1675 1215 1722 xv.
1242 1660 1279 1722 2:
1303 1658 1337 1723 τὸ
1363 1659 1556 1740 ἐπίγραμμα

366 1763 401 1828 τὸ
423 1761 474 1826 ἐπ’
503 1764 587 1844 αὐτῷ
612 1765 725 1933 ἴασίν,
759 1773 790 1830 et
818 1764 868 1829 VI.
893 1783 958 1828 xvt.
984 1768 1021 1828 4:
1059 1763 1093 1828 πὸ
1122 1761 1314 1844 ἐπίγραμμα
1342 1764 1377 1828 πὸ
1399 1765 1449 1828 ἐπ’
1471 1767 1555 1848 αὑπῷ

366 1869 474 1942 δηλοῖ,
508 1874 539 1932 et
571 1869 647 1933 alii
680 1871 813 1956 passim.
869 1867 1031 1935 Audacter
1064 1868 1165 1953 igitur
1197 1867 1461 1934 emendabimus:
1497 1875 1556 1937 σῶν

366 1969 459 2053 σ’ίριςα
492 1972 737 2053 παλαισάντων,
768 1979 807 2049 ὡς
838 1977 873 2041 σί
906 1976 969 2040 ἐπ’
999 1976 1105 2056 αὐτῷ
1139 1975 1392 2055 ἐπίγραμμα
1427 1974 1556 2049 δηλοῖ.

367 2077 469 2160 Quam
496 2077 578 2144 mate
601 2077 746 2147 habitum
780 2101 849 2147 esse
884 2087 1036 2167 putemus
1064 2079 1206 2157 librum,
1243 2078 1327 2144 unde
1357 2080 1390 2144 in
1421 2100 1457 2146 re
1488 2089 1555 2148 tam

365 2185 538 2272 perspicua
561 2186 752 2251 transscribi
781 2188 941 2273 potuerit:
975 2189 1013 2260 ὡς
1037 2185 1080 2251 σα
1105 2185 1169 2250 ὑπ’
1201 2185 1304 2264 αὐτῷ
1336 2208 1384 2262 νε
1418 2186 1555 2262 innob-

366 2315 445 2368 σιν,
481 2297 513 2356 et
546 2310 643 2377 quam
666 2292 818 2358 idoneum
846 2289 1016 2358 Codicibus
1050 2289 1183 2355 Graccis
1210 2287 1430 2355 describendis
1461 2293 1555 2358 eden·

365 2395 479 2480 disque
503 2413 576 2460 eum
603 2395 764 2461 bominem
793 2417 862 2462 esse
886 2405 1027 2473 statuas,
1053 2395 1107 2480 qui
1129 2394 1213 2459 serio
1235 2392 1312 2460 dare
1335 2397 1477 2481 potuerit
1501 2399 1554 2464 ὑπ’

365 2503 449 2581 αὐτῷ
474 2519 531 2584 pro
555 2499 605 2563 ἐπ’
629 2502 734 2581 αὐτῷ,
759 2501 842 2586 quod
872 2502 956 2567 ratio
985 2507 1018 2565 ct
1045 2519 1124 2564 usus
1154 2499 1300 2564 omnium
1332 2499 1451 2566 Graece
1473 2502 1553 2566 scri·

364 2711 567 2785 δνλσῖισιν.
616 2708 738 2775 Haereo
769 2711 800 2774 in
827 2731 896 2797 sqq.
922 2710 1106 2791 Ἐσύνχανε
1139 2710 1195 2789 μὲν
1220 2712 1250 2774 ἐν
1283 2710 1448 2794 Ὀλυμπία
1476 2733 1548 2774 νενι-

364 2816 483 2891 κηκὼς,
507 2812 593 2895 πρίσω
616 2815 647 2879 δὲ
677 2816 734 2879 ἀπ’
759 2815 873 2891 ἐκείνας
897 2816 995 2900 ἡμέραν
1018 2816 1139 2881 πίνων
1163 2815 1233 2888 σὺν
1264 2816 1415 2881 ἑαυτοῦ
1449 2814 1550 2890 νίκων

364 2919 419 2987 καί
439 2942 526 2992 τινας
550 2926 608 2984 τῶν
643 2921 801 3002 γνωρίμων
833 2923 918 2992 ἑςιῶν
953 2921 1120 3004 ὀψοφαγία
1144 2921 1228 2996 aiddu
1251 2920 1447 3001 χρησάμενος
1472 2922 1551 2994 aian·

363 3026 456 3106 νὲχίν
491 3029 544 3089 τοῦ
577 3021 681 3090 ίίπνσν.
737 3027 883 3092 Primum
919 3046 980 3092 nun
1017 3045 1180 3111 cuneoque
1221 3027 1312 3091 πίνων
1348 3028 1403 3101 σὺν
1441 3027 1549 3091 ἑαυτοῦ

363 3131 455 3203 νίκων.
515 3129 601 3193 Fieri
630 3132 715 3195 enim
752 3130 840 3197 nullo
872 3138 1100 3217 pacto‘potest
1132 3138 1167 3196 ut
1197 3132 1292 3196 πίνειν
1325 3137 1463 3216 ponatur
1494 3151 1551 3216 pro

362 3232 454 3312 ἄγειν
487 3233 670 3310 τάπινίκια,
706 3235 739 3299 id
773 3235 857 3321 quod
881 3235 970 3300 locus
997 3235 1144 3321 requirit.
1192 3235 1232 3299 Et
1257 3255 1308 3300 res
1342 3235 1410 3321 ipsa
1439 3243 1472 3301 et
1505 3235 1550 3301 di·

363 3337 455 3404 cendi
480 3357 582 3423 genus
608 3339 639 3401 in
663 3338 781 3405 talibus
804 3339 1019 3426 plurimorum
1040 3340 1235 3405 testimoniis
1261 3349 1325 3405 tam
1351 3349 1463 3406 notum
1484 3361 1550 3407 oer-

362 3452 498 3530 tumqne
518 3450 584 3521 est,
609 3450 643 3508 ut
659 3445 806 3530 equidem
829 3466 891 3510 non
915 3444 1059 3511 dubitem
1085 3446 1163 3532 quin
1182 3443 1235 3509 illa
1260 3443 1354 3509 lectio
1378 3453 1444 3510 tam
1465 3467 1549 3512 com·

362 3549 515 3616 menticia
546 3549 589 3614 sit
621 3569 718 3634 quam
753 3551 892 3618 absurda
924 3559 982 3617 cst.
1039 3550 1194 3636 Sequitur
1223 3548 1285 3615 alia
1317 3548 1491 3616 difficultas
1517 3552 1549 3617 in

361 3656 468 3724 verbis
490 3656 652 3736 σίπωνέχίν
680 3661 734 3722 rori
759 3655 863 3723 ὕπνον.
912 3656 1018 3738 Quid,
1042 3676 1178 3743 quaeso,
1203 3664 1251 3720 esi
1272 3656 1470 3739 σίπσφέρσμαι
1496 3661 1548 3723 τσῦ

361 3759 479 3829 daron?
528 3759 692 3841 Quomodo
715 3765 845 3829 omnino
870 3761 934 3828 dici
960 3771 1062 3848 potest
1092 3761 1292 3845 ιίπσφέρσμωί
1312 3760 1416 3834 mooe?
1466 3761 1549 3842 Quid

359 3869 542 3952 Interpres:
580 3866 621 3931 »il
657 3888 697 3934 ne
729 3879 788 3955 put
818 3868 973 3934 dormir.”
1029 3867 1094 3932 Hoc
1131 3887 1207 3932 vero
1236 3875 1285 3932 est
1318 3868 1547 3954 interpretari!

358 3969 466 4037 Facile
500 3968 643 4055 intelligo
675 3974 839 4040 nonnullis
863 3974 1056 4040 Criticorunr
1080 3971 1319 4038 emendationes
1346 3973 1476 4038 minime
1496 3994 1547 4056 uq-

359 4073 509 4142 eessorios
533 4094 602 4140 esse
624 4076 736 4144 rideri.
786 4078 908 4160 Quibus
939 4083 1074 4145 nonest
1103 4077 1241 4145 firmiter
1265 4086 1297 4144 et
1329 4079 1547 4158 ἀδαμαντίνως

357 4199 546 4269 persuasum
571 4179 743 4247 verborum
765 4181 921 4263 formam,
946 4183 1210 4269 compositionem
1239 4191 1269 4249 et
1295 4184 1457 4249 notionem
1483 4205 1546 4250 cer·

357 4287 396 4352 tis
430 4285 631 4372 temporibus
663 4307 699 4353 ac
734 4287 813 4354 locis
844 4299 961 4356 certano
991 4308 1081 4366 esse,
1116 4298 1152 4355 ut
1184 4290 1218 4355 in
1243 4289 1400 4375 cuiusque
1434 4289 1546 4375 lingna

355 4394 461 4479 patria
486 4400 518 4459 et
542 4413 690 4460 sermone
722 4395 920 4470 vernaculo,
956 4414 995 4460 ne
1023 4395 1144 4461 sentire
1176 4394 1306 4481 quidem
1332 4403 1466 4482 possunt
1496 4395 1544 4460 in·

354 4498 554 4584 terpretandi
590 4497 805 4568 difficultates.
865 4499 1063 4567 Permisccnt
1103 4501 1189 4567 inter
1229 4521 1261 4567 se
1297 4502 1441 4586 primum
1481 4521 1544 4567 non
