3270 5190
904 452 943 514 tt

325 624 352 690 al
377 623 433 690 θεοί
458 621 546 702 μίγα
572 622 728 698 ἤθλασαν,
754 621 843 688 θιδεια
866 624 924 702 μὲν
952 624 1168 700 σίποδίδοσθαι,
1193 619 1282 687 ν’ίδεια
1304 622 1335 686 δὲ
1361 621 1515 696 ὠνεῖσθαι,

325 726 411 814 quod
435 747 534 813 quum
562 748 600 793 ex
629 729 697 815 ipso
729 729 908 796 sententiae
931 727 1030 795 fundo
1063 729 1241 801 eruissem,
1274 723 1339 790 vidi
1364 725 1444 791 illud
1470 727 1515 810 ip·

326 852 398 898 sunt
432 832 565 916 τέφανον
595 833 626 898 δέ
655 854 712 920 pro
733 836 861 920 τέφονσι
890 834 923 899 δέ
944 855 963 899 a
986 835 1082 923 lllyna
1112 842 1276 920 tamquam
1300 851 1338 896 en
1371 831 1438 916 ipso
1463 829 1516 895 llo-

325 937 396 1004 dice
419 937 542 1003 editum
569 958 647 1005 esse.
695 939 781 1005 Fieri
813 947 917 1027 potest
949 948 986 1005 ut
1008 940 1143 1023 ςέφαιον
1166 957 1205 1005 ex
1234 937 1370 1022 repetita
1394 933 1518 1000 Codicis
1563 966 1567 972 ·

325 1040 462 1108 lectione
482 1042 613 1109 tandem
634 1064 652 1109 a
675 1044 771 1133 lllyna
795 1043 893 1110 luerit
917 1046 1087 1130 agnitum,
1112 1043 1182 1110 heri
1211 1061 1337 1129 qnoque
1359 1047 1518 1127 potestat

325 1145 406 1211 illud
431 1146 540 1213 eodem
567 1146 660 1213 modo
684 1156 781 1234 atque
811 1169 869 1235 ego
892 1169 932 1215 ex
954 1149 1024 1236 ipsa
1048 1149 1110 1215 loci
1140 1149 1301 1216 sententia
1332 1148 1516 1232 expiscatus

326 1250 442 1319 luerit:
476 1252 530 1318 sed
563 1252 721 1339 quidquid
753 1254 850 1321 huios
874 1254 922 1320 rel
956 1263 1027 1333 est,
1061 1254 1121 1319 hoe
1153 1251 1281 1339 quiden]
1314 1261 1446 1338 apparet
1469 1250 1517 1319 ςέ-

325 1363 440 1441 φονσι,
465 1358 549 1445 quod
573 1359 607 1423 in
629 1360 812 1446 apographo
843 1358 984 1447 legitur,
1010 1379 1028 1425 a
1051 1359 1147 1449 Myna
1179 1377 1240 1423 non
1265 1359 1297 1423 in
1330 1355 1444 1422 Codice
1474 1355 1517 1420 le-

326 1472 415 1529 olum
442 1464 496 1531 sed
519 1485 576 1551 pro
601 1466 765 1551 scriptura
790 1485 888 1553 quarn
920 1465 1070 1553 expedire
1095 1484 1157 1530 non
1191 1471 1297 1550 posset
1325 1470 1446 1527 temere
1471 1461 1517 1523 in-

327 1567 520 1655 terpolatum
553 1588 634 1635 esse.
692 1569 784 1635 Nunc
816 1572 920 1652 igitur
956 1570 1134 1637 constituta
1170 1568 1308 1635 firmiter
1341 1565 1517 1653 posteriore

325 1674 504 1739 sententiae
527 1681 617 1759 parte
641 1674 780 1759 experiri
812 1676 901 1740 iuvat
931 1676 1009 1761 quid
1040 1677 1072 1739 in
1106 1674 1211 1760 priore
1244 1669 1411 1738 eornrnode
1443 1689 1516 1755 sup·

324 1776 406 1862 pleri
435 1777 545 1862 possit.
595 1777 678 1858 Quid
709 1777 817 1845 dicere
849 1778 987 1845 voluerit
1019 1777 1235 1843 Philostratus
1268 1783 1415 1862 apertum
1447 1782 1515 1840 est:

325 1880 443 1966 quihus
465 1880 495 1945 id
522 1881 627 1947 verhis
657 1882 889 1968 significaverit
919 1882 1065 1948 divinare
1098 1881 1160 1946 nisi
1184 1880 1309 1946 Codicis
1340 1899 1398 1964 ope
1426 1878 1516 1943 adiu·

325 1994 379 2051 tus
403 2005 497 2051 norno
522 1988 648 2072 poterit.
697 1987 781 2068 Quid
805 1988 949 2074 potuerit
972 1995 1059 2054 recte
1086 1974 1193 2052 dicere
1218 1984 1250 2049 id
1277 1992 1365 2049 uerte
1394 1983 1516 2048 eonsti-

324 2090 374 2157 tui
399 2099 513 2177 potest.
561 2091 645 2157 Nihil
669 2089 885 2178 reprehendas
917 2093 949 2158 in
979 2090 1163 2159 huiusmodi
1187 2090 1436 2176 compositione:
1462 2087 1513 2154 καί

324 2198 474 2280 ἀργυροῦν
497 2197 553 2275 μὲν
577 2197 594 2273 ἢ
617 2204 751 2280 χρυσοῦν
785 2205 970 2281 περισπῶντι
998 2197 1146 2277 οίνοίθνμα
1171 2199 1188 2274 ἢ
1217 2195 1420 2277 διαφθείροντι
1449 2193 1515 2281 [tt-

324 2326 413 2367 νατσν
435 2303 490 2377 τὴν
521 2301 635 2384 ζαμίαν
659 2307 684 2369 oi
718 2304 802 2383 νθμοι
833 2304 1082 2392 προαγορεύουσι]
1119 2301 1169 2368 vel
1207 2301 1275 2389 [rho
1304 2300 1446 2381 sextano
1468 2325 1512 2365 τί·

323 2407 439 2490 μωρίαν
467 2409 493 2473 οἱ
521 2407 603 2487 νίμοι
633 2408 817 2496 ἐπιτιθέασι]
854 2408 903 2474 vel
932 2411 999 2498 [τὴν
1030 2407 1171 2491 ἕσχοίταν
1199 2411 1225 2474 οἱ
1254 2406 1336 2485 νίμοι
1362 2405 1510 2472 τσίττονσι

323 2512 484 2600 τιμωρίαν]
521 2512 570 2578 vel
610 2512 752 2601 [θοίνατον
787 2516 813 2578 οἱ
846 2513 928 2592 νθμοι
962 2513 1111 2579 τοίττονσι
1136 2513 1191 2587 τὴν
1228 2511 1381 2599 ζαμίαν]
1417 2511 1511 2598 (quae

323 2617 431 2680 omnia
464 2615 576 2682 erebro
606 2617 691 2702 apud
723 2615 872 2684 Oratores
904 2618 936 2683 in
963 2617 1018 2683 tali
1050 2636 1086 2682 re
1111 2615 1342 2703 usurpantur),
1375 2615 1509 2697 ςίφανον

323 2723 355 2788 δὲ
379 2721 575 2795 ’Λπόλλωνος
599 2759 643 2772 -
667 2721 756 2789 testo
786 2724 843 2802 μὲν
866 2724 1084 2800 οίποδίδοσθαι,
1107 2719 1197 2788 σ’ίδεια
1224 2722 1256 2787 δὲ
1279 2723 1428 2787 ὠνεῖσθαι,
1476 2721 1511 2785 St

324 2827 394 2914 puis
426 2828 591 2893 donarium
627 2828 813 2916 surripuerit
843 2829 893 2894 vel
929 2829 1100 2916 corruperit
1133 2827 1248 2913 capitol
1283 2837 1348 2905 est,
1384 2827 1534 2912 inquit„

322 2931 478 3019 Apollinis
506 2934 555 3000 vel
579 2931 715 3022 Neptuni
743 2955 886 3002 coronam
912 2935 1038 3024 impune
1071 2933 1224 3013 vendere,
1252 2935 1379 3019 impune
1410 2953 1511 2998 emere

323 3037 404 3103 lieet.
809 3111 812 3114 ⁴

375 3142 464 3222 Quae
494 3145 646 3209 continuo
678 3145 843 3213 adduntur
866 3167 928 3212 non
964 3148 1072 3212 minus
1101 3154 1179 3212 sunt
1208 3146 1377 3231 inquinata
1407 3151 1439 3209 et
1464 3144 1509 3207 ln-

321 3247 488 3333 terpolala.
538 3247 669 3323 Ἠλείοις
694 3251 708 3314 d
732 3251 845 3325 κίσινος
870 3250 984 3325 σ’ίσνλος
1008 3250 1094 3329 μένει
1108 3243 1127 3330 ,’
1153 3251 1281 3336 inquit,
1313 3253 1339 3317 οί
1363 3250 1395 3315 δὲ
1417 3247 1508 3314 ν’ίλλοι

324 3359 382 3418 τῶν
406 3353 531 3430 aaaron
555 3348 641 3436 θπερ
665 3352 741 3421 ὦδε.
789 3355 897 3421 Nihili*
916 3363 965 3422 est
987 3351 1060 3438 θπερ
1085 3353 1151 3422 ὧδε.
1199 3354 1312 3420 Editor
1339 3353 1510 3421 substituit

323 3458 401 3532 οθπα
426 3455 481 3522 ὧδε
506 3466 537 3523 et
561 3459 678 3525 vertit:
716 3459 761 3524 »ll
783 3461 854 3526 o'eo
876 3471 921 3526 est
947 3483 1006 3548 pos
1026 3461 1109 3527 ainsi
1130 3480 1211 3546 pour
1228 3459 1273 3526 les
1293 3467 1402 3525 autres
1432 3480 1509 3525 con·

322 3563 451 3629 cours.”
475 3583 612 3649 quorun]
643 3564 723 3630 nihil
754 3574 803 3633 est
827 3568 860 3631 in
890 3566 1041 3645 GraeolS,
1074 3565 1129 3633 sed
1161 3565 1238 3652 quid
1267 3584 1419 3651 reponam
1445 3586 1508 3631 non

321 3676 449 3754 exputo.
499 3669 633 3756 Reliqua
667 3670 754 3737 nullo
787 3673 914 3758 negotio
944 3681 1078 3759 possunt
1110 3674 1142 3738 in
1175 3673 1338 3758 integrum
1366 3673 1506 3738 restitui.

322 3775 460 3840 Editur:
485 3771 516 3839 ἓν
541 3776 574 3840 ἐκ
596 3783 717 3842 πολλῶν
741 3778 862 3859 εἰρήσθω
886 3802 956 3858 μοι,
981 3781 1011 3844 ἕν
1032 3774 1052 3861 ᾧ
1076 3777 1183 3844 πιίντα
1210 3786 1286 3852 παῖς
1311 3779 1397 3844 ἐνίκα
1422 3778 1508 3843 αατοδ

321 3877 426 3954 ποίλην
457 3879 587 3959 ίσθμια,
618 3885 797 3963 τρισχιλίας
830 3884 871 3950 ἑνί
903 3891 961 3950 τῶν
992 3883 1173 3950 οίνσιποίλων
1202 3886 1398 3962 ὁμολογήσας
1434 3884 1508 3963 ὑπὲρ

320 3990 374 4058 τῆς
410 3983 503 4059 νίκας.
552 3983 602 4049 Nil
633 3985 709 4051 mali
740 3989 923 4074 suspicatus
957 3989 1120 4075 Interpres
1143 3989 1240 4053 vertit
1277 3989 1366 4054 »l’en
1394 3989 1508 4054 eiterai

322 4085 365 4154 un
391 4088 533 4174 exemplo
557 4100 647 4155 eutre
670 4091 851 4177 plusieurs:
885 4094 933 4160 Un
959 4114 1076 4180 garpon
1107 4103 1270 4180 rempurta
1293 4115 1352 4158 une
1382 4093 1508 4158 victoira

321 4194 470 4280 eonrplite
493 4193 511 4259 a
536 4192 565 4259 la
589 4194 670 4261 lutte
695 4195 774 4262 daris
801 4197 847 4264 les
867 4199 946 4286 jeux
974 4199 1200 4285 isthmiques.'’
1247 4201 1326 4266 Mire
1350 4199 1397 4265 sie
1425 4198 1507 4285 posi-

320 4310 390 4368 tum
416 4308 464 4369 est
487 4304 516 4367 ἐν
541 4295 583 4383 ᾧ,
609 4309 645 4366 ut
670 4301 770 4369 vides.
819 4305 931 4373 Ποίντα
955 4309 1040 4372 ναίον
1064 4304 1117 4369 illo
1141 4325 1238 4371 seusu
1260 4305 1417 4371 Graecum
1439 4325 1509 4371 esse

320 4415 433 4471 noturn
459 4414 506 4473 est
529 4415 561 4474 et
582 4405 668 4473 haud
693 4410 759 4475 seio
787 4431 827 4477 an
858 4410 936 4478 illud
960 4411 1003 4476 sit
1025 4408 1224 4476 reddendum
1251 4411 1452 4497 Xenophonti
1474 4411 1507 4474 in

320 4510 500 4579 hnahasil.
526 4533 557 4580 x.
584 4518 622 4580 5:
660 4514 849 4598 αρπιίζοντες
881 4520 920 4592 ὡς
952 4516 1006 4594 ἤδη
1037 4516 1174 4603 πρίντα
1208 4519 1369 4595 νικῶντες,
1406 4521 1440 4582 tlt
1474 4514 1508 4579 in
