3270 5190
803 442 845 503 55

272 607 399 674 Excidit
423 608 581 676 articulus
605 630 636 696 p.
657 613 720 685 5⁶2,
748 615 784 680 b:
816 613 851 688 ἐκ
877 609 992 694 χρόνων
1012 605 1061 684 οὓς
1085 608 1239 682 Λεωνόδως
1265 608 1278 673 ό
1301 605 1411 681 Ῥόδιος

225 712 321 778 illue.
369 713 599 781 Plrilostrateae
624 715 801 782 locutiones
823 723 899 782 sunt
928 713 1014 781 κωτόι
1037 714 1121 787 τοὺς,
1132 715 1257 797 χρόνους
1281 711 1331 787 οὕς
1355 732 1412 799 pro

225 813 298 896 ότε,
322 829 354 884 et
375 822 409 886 ἕν
433 826 491 885 τῶν
516 819 631 902 χρόνων
652 818 701 894 οὕς
727 841 784 907 pro
808 819 842 898 ἐξ
865 816 899 886 οὗ
921 819 971 885 vel
1000 817 1034 895 ἐξ
1054 815 1132 884 ότων.
1157 819 1229 885 vide
1250 837 1331 904 quae
1354 836 1412 882 un·

225 925 409 990 notavimus
444 925 477 989 in
514 925 720 1013 Mnemosyne
756 927 846 991 Toni.
874 923 957 990 Vlll.
993 943 1023 1009 p.
1053 927 1126 988 148.
1184 922 1237 988 Sie
1269 921 1414 1008 loquitur

225 1028 322 1092 eliam
359 1050 390 1114 p.
412 1034 450 1108 6,
477 1035 535 1096 17:
569 1031 655 1096 κατόν
685 1033 755 1104 τοὺς
788 1030 913 1113 χρόνους
944 1025 994 1102 οὓς
1019 1031 1036 1104 ἡ
1062 1028 1164 1110 Ἀργὼ
1196 1025 1295 1092 ἔπλεν.
1343 1024 1414 1090 Νοω

225 1134 358 1198 memini
391 1154 442 1200 ine
474 1133 551 1200 tolio
584 1133 668 1222 apud
698 1135 798 1200 ulium
824 1135 1016 1221 scriptorem
1045 1132 1161 1216 legere.
1220 1132 1349 1217 llepone
1381 1134 1413 1195 et

225 1257 332 1304 nune:
369 1240 403 1304 ἐκ
437 1245 506 1304 τῶν
534 1239 649 1322 χρόνων
673 1237 722 1312 οὓς
751 1232 905 1309 Asuvium
937 1237 1033 1303 ε’νόκω.
1081 1237 1173 1301 Brevi
1199 1242 1269 1322 post
1306 1253 1354 1304 vs,
1381 1237 1412 1298 4.

225 1343 351 1408 scribe:
376 1343 534 1424 διωκρντέω
557 1347 584 1409 δ’
608 1341 689 1421 όμως
714 1341 745 1408 ol'
768 1369 803 1409 τε
835 1343 904 1408 κωό’
929 1339 959 1405 ἓν
995 1340 1273 1418 ἀγωνιούμενοι
1307 1342 1413 1404 ruite

224 1446 290 1513 uui
322 1450 352 1512 oi
377 1449 452 1525 ὁμοῦ
488 1448 595 1512 odoro
629 1467 686 1532 pro
718 1447 936 1526 όχωννσόρεενω
961 1453 993 1511 et
1016 1446 1069 1527 χοί
1101 1446 1193 1523 ὁμοῦ,
1228 1443 1312 1530 quod
1339 1441 1414 1508 Edi·

225 1551 288 1615 tori
314 1550 449 1616 debetur
473 1572 530 1638 pro
555 1551 606 1616 uui
629 1552 714 1630 ὁμοῦ.
762 1553 873 1617 Grases
906 1548 1089 1616 istiusmodi
1122 1569 1184 1615 non
1208 1549 1340 1614 suntin
1366 1565 1414 1611 so·

225 1653 295 1719 lute
330 1657 474 1722 oratioue
508 1657 655 1724 usitatae.
712 1656 843 1749 lterum:
874 1655 921 1721 sio
954 1661 1108 1741 peeoutur
1137 1676 1167 1740 p.
1192 1657 1256 1732 44,
1286 1658 1325 1718 1:
1359 1649 1414 1715 ubi

226 1761 284 1832 κός
315 1756 380 1825 risu
413 1759 499 1825 dedit
533 1760 646 1825 Editor
676 1780 734 1845 pro
765 1739 938 1838 uuirdon,
971 1778 1072 1845 quum
1106 1760 1158 1826 uui
1195 1760 1225 1833 ἐς
1261 1754 1325 1823 dre
1360 1753 1414 1820 de·

225 1864 369 1942 buissel,
396 1872 427 1928 et
452 1885 480 1949 p.
498 1868 561 1941 88,
589 1869 639 1929 15.
677 1865 732 1930 ubi
755 1862 960 1944 κόξικμωςέω
985 1863 1068 1929 rnale
1091 1863 1210 1929 editur.

269 1969 304 2033 In
338 1987 469 2034 cursore
495 1967 643 2054 elypeum
675 1967 797 2034 serente
822 1969 1002 2054 requiritur
1037 1989 1067 2053 p.
1089 1973 1153 2046 bl,
1178 1972 1215 2033 6:
1252 1968 1331 2047 ὠμὸς
1366 1967 1414 2031 εὐ·

223 2073 345 2154 τρωφὶρς
378 2071 430 2136 καὶ
464 2074 539 2153 σιμός
564 2074 718 2151 ἕνωχουνὶς
751 2071 786 2139 ἵν’
817 2076 1022 2157 εὐφοροῖτο
1052 2075 1068 2148 ἧ
1108 2072 1204 2145 ἀσπὶς
1239 2069 1414 2151 ἀνεχόντων

222 2180 320 2253 αὐτὴν
343 2177 469 2242 τούτων.
518 2179 618 2262 Regio
642 2177 731 2244 ferax
754 2177 803 2244 vel
825 2178 901 2242 vitis
923 2184 1012 2243 reete
1036 2176 1157 2242 dieitur
1177 2177 1333 2258 εὐφνρεῑν,
1359 2172 1415 2239 sed

224 2283 383 2360 ἡόσπός,
418 2300 500 2367 quoe
530 2281 610 2348 bene
641 2281 766 2360 fertur,
791 2279 925 2348 dicendo
949 2289 999 2347 est
1029 2278 1064 2349 εὖ
1084 2282 1254 2364 (populetur.
1302 2279 1415 2365 ltaque

224 2385 366 2453 rescribe
390 2385 426 2452 ἵν’
447 2383 481 2452 εὖ
504 2391 625 2468 <popone
648 2389 665 2462 ἡ
690 2387 796 2460 doute.
844 2387 979 2452 Mirarer
998 2387 1033 2451 ni
1055 2387 1089 2452 in
1111 2384 1225 2452 Codice
1245 2382 1416 2451 emendata

223 2491 319 2556 leotlo
350 2498 500 2556 exstaret.
549 2489 687 2556 Omnino
717 2491 770 2557 illa
795 2512 869 2578 pars
894 2491 1013 2557 vetusti
1040 2490 1114 2555 iibri
1146 2491 1274 2575 integra
1304 2508 1415 2574 super·

223 2615 293 2662 esse
324 2594 472 2662 videtur:
509 2596 616 2661 omnia
655 2615 732 2662 sana
765 2605 841 2662 sunt
872 2604 904 2663 et
939 2595 1020 2662 snite
1051 2603 1250 2681 venusteque
1282 2595 1412 2680 scripta.

222 2701 274 2767 Nil
299 2708 426 2787 praeter
451 2720 547 2766 unorn
572 2699 718 2766 voculam
751 2699 896 2767 desidero
921 2701 954 2766 in
984 2701 1034 2766 bis
1059 2722 1089 2788 p.
1115 2705 1179 2779 ὃν,
1203 2706 1244 2767 8:
1276 2699 1413 2783 κρότνςω

222 2808 279 2886 μὲν
300 2807 352 2871 uui
377 2809 401 2872 oi
423 2805 592 2887 ξύμμετρον
606 2806 783 2888 ,βελτίους
803 2806 834 2870 δὲ
854 2805 968 2870 τούτων
996 2808 1022 2871 οἱ
1045 2808 1089 2884 μὴ
1114 2807 1299 2887 ὑπερμήκεις
1324 2806 1413 2870 ulturi

221 2912 326 2992 μικρόν
361 2917 420 2976 τῶν
443 2909 625 2992 ξωρεμέτρων
660 2911 879 2992 εὐμνκόςερω,
918 2908 973 2973 ubi
997 2909 1232 2995 suppleverint:
1266 2911 1412 2989 βελτίους

222 3017 248 3081 δ’
273 3015 333 3081 ἔτι
369 3015 493 3080 τούτων.

267 3121 447 3186 Monstrurn
472 3117 618 3184 lectionis
643 3128 692 3184 est
723 3118 805 3185 nrale
830 3118 870 3184 ub
898 3118 1029 3186 Editore
1052 3126 1261 3206 procuratum
1295 3141 1328 3207 p.
1352 3125 1411 3197 54,

223 3232 263 3291 4:
299 3225 351 3291 uui
388 3226 439 3290 τόν
468 3223 626 3305 βρωχίονω
655 3226 726 3303 μὲν
764 3226 982 3307 όνωρρενεὴς
1018 3224 1070 3291 nul
1112 3226 1182 3298 τοὺς
1213 3225 1322 3304 ὤμους.
1376 3226 1412 3291 ln

222 3329 405 3417 apographo
427 3339 476 3395 est
499 3331 600 3407 μόνως
622 3331 845 3412 όνωφριχγής,
871 3328 985 3397 deinde
1010 3339 1181 3396 correctum
1208 3329 1333 3396 scilieet
1353 3331 1411 3409 μὲν

221 3436 402 3516 όνερρωτός,
430 3433 512 3499 uude
536 3432 649 3499 Editor
673 3436 729 3512 μὲν
750 3436 920 3515 όνωρρεπός
945 3434 1141 3521 exsculpsit,
1166 3435 1250 3521 quod
1274 3435 1411 3501 mirifice

223 3540 337 3604 vertit:
376 3558 458 3624 »que
482 3537 511 3604 le
542 3537 637 3614 brus,
674 3538 756 3602 ainsi
781 3557 843 3622 que
868 3535 913 3603 les
936 3537 1088 3623 epaules,
1120 3539 1202 3603 eleut
1231 3539 1268 3602 de
1290 3539 1321 3604 lu
1348 3551 1411 3606 terr·

221 3643 566 3709 duueearemouter.”
601 3641 684 3728 quod
722 3640 799 3727 quid
823 3641 866 3706 sit
889 3643 950 3706 οὐδ’
973 3642 1013 3708 do
1048 3640 1194 3708 νὶωόλλων
1224 3642 1336 3721 uultu,
1375 3654 1411 3711 ut

222 3747 308 3836 apud
330 3749 495 3813 Gorniourn
517 3755 576 3813 est.
625 3746 761 3813 Videtur
786 3766 803 3811 o
828 3745 925 3811 verbo
948 3747 1127 3829 όνωρρὲπενν
1151 3747 1306 3814 lorrnasse
1330 3748 1410 3815 illud

221 3861 408 3941 porter'rturn
430 3853 589 3918 Burnovio
615 3873 676 3918 non
704 3852 886 3937 indignum.
933 3851 985 3917 Nil
1009 3851 1094 3917 eedlt
1117 3852 1230 3940 Myros
1252 3855 1307 3938 qui
1331 3855 1409 3935 βρω·

221 3961 313 4042 χίονω
337 3959 506 4040 sapewic
531 3957 642 4024 edidit.
692 3956 800 4022 Satius
823 3964 893 4022 erat
920 3964 1028 4022 tacere
1059 3976 1157 4042 quarn
1180 3958 1256 4024 tolia
1288 3959 1408 4028 dicere.

221 4065 337 4130 Verani
362 4064 531 4130 leetionenr
553 4062 656 4128 Codex
679 4082 696 4127 a
717 4061 924 4148 peritioribus
945 4063 1111 4148 inspectus
1136 4062 1302 4130 indicabit.
1349 4065 1410 4130 lla·

221 4169 294 4236 dem
326 4190 422 4255 opera
452 4189 496 4234 vs·
524 4171 583 4234 16:
617 4168 720 4249 Γωςόρρ
744 4166 774 4231 δὲ
802 4166 891 4247 όρόςω
920 4167 975 4245 μὲν
1008 4170 1024 4244 ἡ
1053 4168 1276 4248 ὑνεεςωωμένν·
1300 4176 1408 4251 κοῦφον

220 4276 284 4358 pul
308 4277 342 4351 δὴ
367 4272 489 4349 οὕτως
515 4272 591 4340 οἵδε
615 4273 667 4340 nul
692 4274 727 4338 τὸ
752 4275 877 4351 πνεῦμω
907 4273 1042 4349 drusui,
1071 4272 1221 4358 inspicite
1245 4274 1325 4338 milri
1353 4273 1410 4338 att·

220 4381 294 4466 quis
321 4387 483 4448 vetustum
508 4379 627 4447 librum
656 4398 696 4444 an
721 4397 782 4445 non
812 4374 960 4445 exhibeat
991 4379 1024 4442 οἱ
1055 4377 1200 4444 τοιοίδε
1230 4397 1287 4464 pro
1315 4375 1408 4453 οὕτως

217 4481 290 4552 οἵδε.
1335 4511 1339 4517 ·
