3270 5190
792 383 834 447 58

221 557 273 625 κκ“ι
305 556 430 638 μύλιςοι
459 554 512 644 [οἱ]
545 555 630 623 κιιτύι
661 555 788 636 Νεμέου
817 551 866 628 ούς
891 553 1034 630 ἐνόπλους
1059 581 1094 622 τε
1122 554 1174 622 κιιὶ
1199 555 1328 630 ἱππίους
1355 558 1415 624 ὄνοι

219 661 379 743 μύζουσιν.
426 663 543 747 Arguit
573 661 688 726 vitium
714 659 762 726 vet
792 660 908 726 vitiosa
940 668 972 725 et
1003 659 1127 728 soloeea
1159 661 1354 748 compositio
1386 664 1414 728 oi

219 766 319 848 ύρύριοι
343 769 481 835 ύπλῖτοιι.

266 871 364 937 Miror
387 872 550 938 Editorern
581 891 644 936 non
670 868 838 935 sustulisse
865 868 1017 936 mendum
1054 876 1168 955 p.10,
1193 877 1233 938 7:
1269 871 1411 952 πόλεμον

220 977 334 1043 Ἠλεῖοι
355 978 505 1055 Δυμαίοις
529 975 669 1058 ξυνήψοιυ
693 973 769 1041 οὕτω
790 1000 850 1041 τοι
876 977 1043 1057 ύκήρυκτον
1063 978 1102 1049 ὡς
1125 978 1204 1056 μηδὲ
1226 976 1269 1043 τύι
1284 980 1410 1058 Ὀλύμ·

221 1106 279 1147 πικ
300 1081 420 1161 οένοχύις
447 1078 536 1147 εἷνοιι.
586 1082 706 1146 Verum
732 1089 781 1146 est
811 1079 887 1147 οὕτω
908 1105 944 1146 τι
970 1082 1156 1163 ύκήρυκτον,
1180 1082 1262 1168 quod
1286 1082 1369 1148 solet
1391 1102 1410 1148 u

221 1185 339 1251 scribis
361 1186 393 1249 in
418 1183 494 1250 ούτω
516 1211 562 1251 τοι
594 1184 772 1271 depravari.
821 1185 993 1272 Propterea
1019 1195 1128 1252 auteur
1161 1189 1262 1253 miror
1281 1186 1410 1253 Editori

221 1290 353 1355 latuisse
382 1290 413 1354 id
440 1289 592 1356 ruendum
624 1292 776 1376 quoniam
810 1298 842 1357 et
872 1310 902 1376 p.
926 1295 989 1369 34,
1014 1296 1045 1357 6.
1078 1291 1133 1357 uhi
1158 1293 1189 1356 in
1223 1292 1410 1379 apographo

220 1404 269 1461 est
294 1397 307 1460 ύ
336 1400 476 1469 Γλαῦκος
507 1394 583 1461 ούτω
613 1419 671 1463 τοι
700 1395 805 1478 ἔρρωτο
835 1419 875 1461 ex
903 1397 1114 1461 emendatione
1136 1395 1211 1462 ούτω
1233 1421 1262 1463 τι
1288 1397 1409 1475 edidit,

220 1510 250 1566 et
280 1501 398 1566 iterum
433 1520 463 1585 p.
484 1505 545 1577 50,
573 1505 625 1566 15.
658 1506 755 1586 prosi
789 1503 929 1583 Φερενίκη
962 1499 1037 1567 ούτω
1065 1524 1127 1568 τοι
1160 1501 1264 1583 ἔρρωτο
1300 1505 1339 1576 ὡς
1364 1539 1410 1552 -

220 1608 292 1686 ύνήρ
316 1604 402 1681 δύξιιι
428 1607 595 1670 verissime
617 1604 693 1671 ούτω
718 1631 747 1671 τι
775 1607 929 1692 reposuit.

265 1709 480 1775 Vehementer
501 1709 580 1774 rrrihi
605 1709 643 1774 de
668 1709 784 1774 urendo
810 1720 995 1796 suspectum
1022 1718 1070 1776 est
1095 1731 1124 1796 p.
1142 1717 1200 1786 10,
1227 1718 1285 1778 ll:
1310 1715 1408 1792 εύιιν·

219 1814 315 1892 νὲλιοο
338 1815 511 1892 οὶπούνων
535 1823 590 1890 τής
609 1815 691 1889 νίκης
711 1835 769 1900 pro
788 1815 897 1898 φέρων.
945 1815 1065 1900 Ecquis
1090 1816 1173 1880 serio
1195 1816 1299 1882 eredit
1318 1816 1408 1897 ήκειν

219 1917 269 1984 vel
294 1918 433 1997 ύπύγειν
454 1919 492 1985 ue
516 1920 627 1984 ιιιιιιοίυ
652 1921 802 2004 usurpari
828 1917 892 1983 ullo
916 1928 1008 2005 puoto
1031 1921 1198 2005 potuisse?
1249 1921 1280 1987 Si
1306 1921 1406 2002 ἔοργε-

219 2040 291 2100 λον,
323 2026 483 2103 οὶρνελίοιυ
516 2024 656 2103 eutoso
688 2024 842 2090 absonum
868 2032 938 2101 est,
973 2024 1112 2103 οέπούγειν
1146 2028 1326 2105 εύοινγέλιιι
1357 2048 1404 2095 stt·

220 2149 298 2194 nuor
322 2150 393 2195 esse
418 2151 479 2194 uon
503 2138 617 2216 potest.

263 2233 400 2299 Laborat
428 2237 586 2300 sententia
618 2257 648 2321 p.
673 2240 736 2313 10,
762 2236 823 2302 19:
856 2237 935 2302 εἰδὲ
963 2236 1008 2314 μή
1038 2235 1176 2319 ῥρύύριως
1210 2238 1330 2310 οὶκούεις
1350 2240 1398 2303 τοῦ

219 2342 344 2422 κήρυκος
365 2341 434 2423 ὁρᾷς
455 2343 492 2413 ὡς
517 2342 579 2406 ἐπὶ
607 2340 758 2407 πάντων
781 2339 921 2421 κηρύττει
945 2342 1054 2417 λήγειν
1077 2342 1133 2419 μὲν
1156 2342 1206 2407 τὸν
1226 2351 1287 2409 τῶν
1307 2342 1403 2410 ύιύλων

219 2447 339 2523 τομίων
364 2447 492 2521 syrtes,
520 2452 551 2509 ei
576 2452 646 2529 posi
669 2463 791 2528 pauca:
826 2444 944 2510 κελεύει
981 2445 1012 2509 δὲ
1042 2447 1156 2511 τουτὶ
1188 2449 1229 2514 τὸ
1259 2451 1406 2530 κήρυνμον

220 2550 271 2616 uui
295 2548 437 2614 τούλοιιου
462 2548 630 2628 οὶρκροένους
650 2549 780 2614 ε’κποδύν
804 2572 852 2614 ποι
878 2548 998 2631 φέρειν,
1025 2549 1079 2614 uhi
1101 2551 1338 2618 emendandum
1360 2560 1409 2619 est

220 2655 339 2719 κελεύει
374 2654 405 2718 δὲ
442 2653 563 2718 τοιύτὸ
599 2653 746 2732 κήρυρμοι
782 2656 848 2719 κτὲ.
908 2653 1049 2739 lntelligi
1086 2676 1148 2720 uon
1184 2665 1309 2742 potest,
1345 2657 1408 2723 ἐπὶ

219 2758 371 2825 πύντων
396 2758 546 2839 κηρύττει.
596 2757 749 2824 Fideliter
770 2759 950 2845 Interpres:
988 2761 1034 2823 »si
1067 2780 1145 2825 vous
1170 2763 1301 2827 eooutez
1332 2760 1418 2829 aveo

220 2864 378 2931 attention
402 2863 431 2929 le
454 2865 591 2941 beraut,
616 2884 695 2929 vous
718 2861 940 2930 reooonaitrez
959 2884 1021 2949 que
1042 2868 1181 2950 toujoors
1202 2864 1224 2929 it
1245 2867 1409 2952 proclamo

221 2991 282 3056 que
306 2968 352 3035 les
368 2969 445 3055 jeux
468 3007 513 3019 -
533 2977 589 3033 out
609 2971 732 3035 cesse.'’
779 2970 852 3036 Ἐπὶ
883 2968 1006 3035 πύντων
1035 2977 1082 3035 est
1117 2970 1150 3034 ιἰν
1183 2971 1339 3056 ιιίνριιύὶε,
1372 2980 1408 3038 ut

221 3075 305 3139 idern
340 3074 545 3158 praeconium
571 3073 609 3139 ad
641 3074 785 3159 singulas
820 3073 968 3140 ludorum
997 3084 1027 3138 et
1061 3077 1274 3140 certaminum
1301 3085 1409 3162 partes

221 3178 383 3243 audiatur.
433 3176 494 3242 Sed
519 3177 694 3242 absurdum
722 3178 779 3243 hoo
799 3186 865 3256 est,
890 3188 926 3244 ιιι
952 3178 1050 3244 vides.
1101 3181 1253 3266 Confectis
1277 3181 1407 3248 demum

222 3283 371 3348 omnibus
395 3302 509 3369 praeeo
533 3288 658 3367 poteret
681 3283 888 3348 renuntiare:

403 3389 524 3465 Λήνει
547 3387 604 3465 μὲν
627 3386 712 3464 otyor
736 3384 836 3452 ύύλων
859 3389 978 3466 τοιρούοις
1002 3392 1067 3456 κτέ.

270 3492 344 3558 Scin
370 3492 447 3578 quid
472 3490 643 3576 legendum
668 3490 733 3557 sit?
769 3492 889 3580 Nempe
920 3496 980 3561 ἐπὶ
1016 3500 1111 3562 τοῖσι
1144 3496 1307 3576 κηρύττει,
1341 3509 1410 3581 post

223 3601 346 3673 omnio.
377 3618 451 3663 nam
487 3606 556 3662 tum
591 3596 721 3663 demum
755 3607 902 3684 poterant
934 3602 1074 3668 τούλοιιου
1098 3601 1244 3683 οὶροὶροενοι
1277 3603 1409 3670 ἐκποδών

223 3730 273 3771 τοι
303 3703 417 3788 φέρειν.
466 3704 588 3769 Passim
620 3723 657 3768 eo
683 3723 779 3769 seusu
814 3704 865 3769 ἐπὶ
900 3711 997 3771 πᾶσιν
1031 3709 1184 3771 occurrit.
1233 3707 1411 3773 Attulimus

224 3830 321 3895 supra
354 3831 391 3875 ex
424 3808 484 3874 hoo
516 3809 584 3894 ipso
612 3807 694 3873 libro
725 3829 796 3895 pag.
819 3813 883 3887 38,
911 3816 972 3877 11:
1005 3812 1071 3877 ἐπὶ
1107 3816 1207 3877 πᾶσι
1242 3813 1273 3877 δὲ
1297 3813 1323 3877 εἰ
1349 3813 1409 3887 νέος

224 3914 276 3980 κού
301 3916 345 3992 μή
370 3915 444 3993 ὑπὲρ
467 3914 577 3978 πιιῑδοι.
624 3911 751 3979 Iuvabit
774 3934 847 3980 oum
875 3913 934 3980 hoo
966 3916 1150 3982 Philostrati
1182 3917 1251 3983 loco
1282 3937 1410 4002 oompo·

225 4019 328 4083 suisse
358 4017 536 4082 Luciauum
571 4018 603 4080 in
635 4017 701 4083 uita
736 4018 940 4086 Demonaotis
981 4042 1051 4108 ουρ.
1077 4027 1143 4101 65,
1179 4021 1234 4087 ubi
1275 4021 1409 4088 scribit:

224 4125 386 4190 Dentonax
415 4118 466 4187 ύτε
499 4130 626 4198 τυνήκεν
656 4123 751 4188 οὐκέθ’
776 4120 834 4196 otte
868 4151 903 4191 τε
937 4127 974 4191 ὢν
1004 4129 1088 4210 οιύπῷ
1125 4131 1289 4210 ἐπικουρεῖν
1319 4128 1410 4193 εἰπὼν

224 4233 295 4313 πρὸς
315 4231 385 4304 τοὺς
410 4226 564 4308 ποιρύντοις
586 4228 638 4294 τὸν
662 4228 822 4323 ε’νοιγύνιον
844 4236 903 4296 τῶν
924 4232 1056 4312 κηρύκων
1080 4234 1180 4300 πύδοι·

495 4337 596 4413 Λήγει
620 4335 786 4415 μὲν-ἄνων
809 4341 868 4400 τῶν
891 4337 1047 4406 κοιλλίςυν
