<?xml version="1.0" encoding="UTF-8"?>
<!DOCTYPE html PUBLIC "-//W3C//DTD XHTML 1.0 Transitional//EN"
    "http://www.w3.org/TR/xhtml1/DTD/xhtml1-transitional.dtd">
<html xmlns="http://www.w3.org/1999/xhtml" xml:lang="en" lang="en">
 <head>
  <title>
</title>
<meta http-equiv="Content-Type" content="text/html;charset=utf-8" />
  <meta name='ocr-system' content='tesseract 3.04.00' />
  <meta name='ocr-capabilities' content='ocr_page ocr_carea ocr_par ocr_line ocrx_word'/>
</head>
<body>
  <div class='ocr_page' id='page_1' title='image "./dephilostratili00cobegoog_0060.png"; bbox 0 0 3270 5190; ppageno 0'>
   <div class='ocr_carea' id='block_1_1' title="bbox 805 432 846 494">
    <p class='ocr_par' dir='ltr' id='par_1_1' title="bbox 805 432 846 494">
     <span class='ocr_line' id='line_1_1' title="bbox 805 432 846 494; baseline 0 0"><span class='ocrx_word' id='word_1_1' title='bbox 805 432 846 494; x_wconf 70' lang='lat'>55</span> 
     </span>
    </p>
   </div>
   <div class='ocr_carea' id='block_1_2' title="bbox 217 601 1457 4578">
    <p class='ocr_par' dir='ltr' id='par_1_2' title="bbox 221 601 1418 1320">
     <span class='ocr_line' id='line_1_2' title="bbox 224 601 1418 699; baseline 0.007 -28"><span class='ocrx_word' id='word_1_2' title='bbox 224 626 296 672; x_wconf 81' lang='grc' dir='ltr'><em>οοιιο</em></span> <span class='ocrx_word' id='word_1_3' title='bbox 319 601 411 690; x_wconf 85' lang='lat' dir='ltr'>qn’oc</span> <span class='ocrx_word' id='word_1_4' title='bbox 435 602 499 668; x_wconf 81' lang='lat' dir='ltr'>s’on</span> <span class='ocrx_word' id='word_1_5' title='bbox 532 603 590 668; x_wconf 80' lang='lat' dir='ltr'>soit</span> <span class='ocrx_word' id='word_1_6' title='bbox 619 603 780 691; x_wconf 76' lang='lat' dir='ltr'>cpercu.”)</span> <span class='ocrx_word' id='word_1_7' title='bbox 807 603 863 670; x_wconf 86' lang='lat' dir='ltr'>sed</span> <span class='ocrx_word' id='word_1_8' title='bbox 888 624 1040 685; x_wconf 85' lang='lat' dir='ltr'>osseca,</span> <span class='ocrx_word' id='word_1_9' title='bbox 1075 615 1111 673; x_wconf 90' lang='lat' dir='ltr'>ut</span> <span class='ocrx_word' id='word_1_10' title='bbox 1137 609 1249 678; x_wconf 84' lang='lat' dir='ltr'>Graeci</span> <span class='ocrx_word' id='word_1_11' title='bbox 1279 611 1418 699; x_wconf 83' lang='lat' dir='ltr'>loquun-</span> 
     </span>
     <span class='ocr_line' id='line_1_3' title="bbox 223 708 1417 794; baseline 0.008 -20"><span class='ocrx_word' id='word_1_12' title='bbox 223 716 298 784; x_wconf 86' lang='lat' dir='ltr'>tur,</span> <span class='ocrx_word' id='word_1_13' title='bbox 334 708 509 786; x_wconf 65' lang='grc' dir='ltr'><em>συγγενικὰ</em></span> <span class='ocrx_word' id='word_1_14' title='bbox 544 709 756 790; x_wconf 73' lang='grc' dir='ltr'>ἀρροςήμοιποο</span> <span class='ocrx_word' id='word_1_15' title='bbox 791 716 823 775; x_wconf 81' lang='lat' dir='ltr'>et</span> <span class='ocrx_word' id='word_1_16' title='bbox 851 709 1006 794; x_wconf 81' lang='lat' dir='ltr'>ingenita.</span> <span class='ocrx_word' id='word_1_17' title='bbox 1056 713 1126 779; x_wconf 79' lang='lat' dir='ltr'>ntia</span> <span class='ocrx_word' id='word_1_18' title='bbox 1161 724 1227 781; x_wconf 87' lang='lat' dir='ltr'>tarn</span> <span class='ocrx_word' id='word_1_19' title='bbox 1261 717 1417 784; x_wconf 74' lang='lat' dir='ltr'><strong>deformia</strong></span> 
     </span>
     <span class='ocr_line' id='line_1_4' title="bbox 223 812 1416 906; baseline 0.009 -29"><span class='ocrx_word' id='word_1_20' title='bbox 223 820 299 878; x_wconf 91' lang='lat' dir='ltr'>sunt</span> <span class='ocrx_word' id='word_1_21' title='bbox 325 820 362 878; x_wconf 86' lang='lat' dir='ltr'>ut</span> <span class='ocrx_word' id='word_1_22' title='bbox 386 833 514 878; x_wconf 86' lang='lat' dir='ltr'>ornnem</span> <span class='ocrx_word' id='word_1_23' title='bbox 540 812 731 878; x_wconf 90' lang='lat' dir='ltr'>emendandi</span> <span class='ocrx_word' id='word_1_24' title='bbox 757 833 846 899; x_wconf 87' lang='lat' dir='ltr'>spem</span> <span class='ocrx_word' id='word_1_25' title='bbox 870 815 1077 899; x_wconf 82' lang='lat' dir='ltr'>praecidant,</span> <span class='ocrx_word' id='word_1_26' title='bbox 1102 819 1200 885; x_wconf 88' lang='lat' dir='ltr'>veluti</span> <span class='ocrx_word' id='word_1_27' title='bbox 1226 840 1257 906; x_wconf 87' lang='lat' dir='ltr'>p.</span> <span class='ocrx_word' id='word_1_28' title='bbox 1283 825 1348 898; x_wconf 80' lang='lat'>44,</span> <span class='ocrx_word' id='word_1_29' title='bbox 1375 826 1416 889; x_wconf 69' lang='lat'>4&#39;:</span> 
     </span>
     <span class='ocr_line' id='line_1_5' title="bbox 221 916 1415 1008; baseline 0.007 -24"><span class='ocrx_word' id='word_1_30' title='bbox 221 918 308 985; x_wconf 81' lang='grc' dir='ltr'><em>Νέων</em></span> <span class='ocrx_word' id='word_1_31' title='bbox 328 944 363 983; x_wconf 80' lang='grc' dir='ltr'>τε</span> <span class='ocrx_word' id='word_1_32' title='bbox 388 919 419 983; x_wconf 79' lang='grc' dir='ltr'>δὲ</span> <span class='ocrx_word' id='word_1_33' title='bbox 441 917 552 997; x_wconf 72' lang='grc' dir='ltr'><em>γονέων</em></span> <span class='ocrx_word' id='word_1_34' title='bbox 581 917 693 1005; x_wconf 69' lang='lat' dir='ltr'>[europei</span> <span class='ocrx_word' id='word_1_35' title='bbox 717 916 807 983; x_wconf 83' lang='lat' dir='ltr'>addit</span> <span class='ocrx_word' id='word_1_36' title='bbox 831 918 957 1008; x_wconf 82' lang='lat' dir='ltr'>Editor]</span> <span class='ocrx_word' id='word_1_37' title='bbox 995 924 1030 1000; x_wconf 74' lang='grc' dir='ltr'><em>ἣν</em></span> <span class='ocrx_word' id='word_1_38' title='bbox 1061 920 1162 1006; x_wconf 76' lang='grc' dir='ltr'><em>ἄμφω</em></span> <span class='ocrx_word' id='word_1_39' title='bbox 1194 925 1246 990; x_wconf 78' lang='lat' dir='ltr'>cci</span> <span class='ocrx_word' id='word_1_40' title='bbox 1282 933 1415 1005; x_wconf 72' lang='grc' dir='ltr'><em>γενναῖοι</em></span> 
     </span>
     <span class='ocr_line' id='line_1_6' title="bbox 222 1021 1416 1115; baseline 0.006 -27"><span class='ocrx_word' id='word_1_41' title='bbox 222 1021 402 1099; x_wconf 63' lang='lat' dir='ltr'>ravantum</span> <span class='ocrx_word' id='word_1_42' title='bbox 427 1025 493 1089; x_wconf 80' lang='grc' dir='ltr'><strong><em>κπέ.</em></strong></span> <span class='ocrx_word' id='word_1_43' title='bbox 544 1022 669 1087; x_wconf 82' lang='lat' dir='ltr'>Similia</span> <span class='ocrx_word' id='word_1_44' title='bbox 702 1021 855 1108; x_wconf 83' lang='lat' dir='ltr'>leguntur</span> <span class='ocrx_word' id='word_1_45' title='bbox 877 1024 909 1087; x_wconf 96' lang='lat' dir='ltr'>in</span> <span class='ocrx_word' id='word_1_46' title='bbox 936 1026 1076 1102; x_wconf 87' lang='lat' dir='ltr'>vicinia,</span> <span class='ocrx_word' id='word_1_47' title='bbox 1113 1045 1195 1114; x_wconf 88' lang='lat' dir='ltr'>quae</span> <span class='ocrx_word' id='word_1_48' title='bbox 1228 1030 1292 1095; x_wconf 90' lang='lat' dir='ltr'>iarn</span> <span class='ocrx_word' id='word_1_49' title='bbox 1317 1049 1416 1115; x_wconf 89' lang='lat' dir='ltr'>supra</span> 
     </span>
     <span class='ocr_line' id='line_1_7' title="bbox 224 1126 1415 1218; baseline 0.007 -26"><span class='ocrx_word' id='word_1_50' title='bbox 224 1129 402 1213; x_wconf 85' lang='lat' dir='ltr'>attigimus.</span> <span class='ocrx_word' id='word_1_51' title='bbox 451 1127 654 1195; x_wconf 83' lang='lat' dir='ltr'>Conclamata</span> <span class='ocrx_word' id='word_1_52' title='bbox 683 1126 762 1193; x_wconf 85' lang='lat' dir='ltr'>haec</span> <span class='ocrx_word' id='word_1_53' title='bbox 788 1131 865 1194; x_wconf 85' lang='lat' dir='ltr'>s&#39;unt</span> <span class='ocrx_word' id='word_1_54' title='bbox 890 1148 927 1194; x_wconf 86' lang='lat' dir='ltr'>ac</span> <span class='ocrx_word' id='word_1_55' title='bbox 959 1129 1127 1218; x_wconf 88' lang='lat' dir='ltr'>deposita,</span> <span class='ocrx_word' id='word_1_56' title='bbox 1161 1143 1194 1199; x_wconf 89' lang='lat' dir='ltr'>et</span> <span class='ocrx_word' id='word_1_57' title='bbox 1224 1136 1322 1200; x_wconf 82' lang='lat' dir='ltr'>scrius</span> <span class='ocrx_word' id='word_1_58' title='bbox 1354 1156 1415 1200; x_wconf 86' lang='grc' dir='ltr'><em>νοιι</em></span> 
     </span>
     <span class='ocr_line' id='line_1_8' title="bbox 222 1233 523 1320; baseline 0.003 -23"><span class='ocrx_word' id='word_1_59' title='bbox 222 1243 349 1320; x_wconf 76' lang='lat' dir='ltr'>tcoqere</span> <span class='ocrx_word' id='word_1_60' title='bbox 374 1233 523 1299; x_wconf 86' lang='lat' dir='ltr'>clamant.</span> 
     </span>
    </p>

    <p class='ocr_par' dir='ltr' id='par_1_3' title="bbox 220 1335 1414 2575">
     <span class='ocr_line' id='line_1_9' title="bbox 267 1335 1414 1424; baseline 0.004 -22"><span class='ocrx_word' id='word_1_61' title='bbox 267 1337 334 1402; x_wconf 91' lang='lat' dir='ltr'>Non</span> <span class='ocrx_word' id='word_1_62' title='bbox 370 1339 448 1403; x_wconf 86' lang='lat' dir='ltr'>satis</span> <span class='ocrx_word' id='word_1_63' title='bbox 481 1338 567 1403; x_wconf 88' lang='lat' dir='ltr'>cavit</span> <span class='ocrx_word' id='word_1_64' title='bbox 599 1335 713 1400; x_wconf 81' lang='lat' dir='ltr'>Editor</span> <span class='ocrx_word' id='word_1_65' title='bbox 745 1339 865 1420; x_wconf 71' lang='lat' dir='ltr'>pcto,</span> <span class='ocrx_word' id='word_1_66' title='bbox 895 1345 922 1402; x_wconf 92' lang='lat'>1.</span> <span class='ocrx_word' id='word_1_67' title='bbox 956 1359 1055 1424; x_wconf 88' lang='lat' dir='ltr'>quum</span> <span class='ocrx_word' id='word_1_68' title='bbox 1090 1340 1255 1408; x_wconf 84' lang='lat' dir='ltr'>exhiheret</span> <span class='ocrx_word' id='word_1_69' title='bbox 1279 1364 1295 1408; x_wconf 92' lang='lat' dir='ltr'>e</span> <span class='ocrx_word' id='word_1_70' title='bbox 1318 1343 1414 1408; x_wconf 83' lang='lat' dir='ltr'>conie-</span> 
     </span>
     <span class='ocr_line' id='line_1_10' title="bbox 222 1437 1413 1523; baseline 0.005 -15"><span class='ocrx_word' id='word_1_71' title='bbox 222 1453 331 1509; x_wconf 81' lang='lat' dir='ltr'>ctura:</span> <span class='ocrx_word' id='word_1_72' title='bbox 369 1449 407 1507; x_wconf 83' lang='lat' dir='ltr'>‘H</span> <span class='ocrx_word' id='word_1_73' title='bbox 441 1443 499 1519; x_wconf 76' lang='grc' dir='ltr'><em>μὲν</em></span> <span class='ocrx_word' id='word_1_74' title='bbox 532 1437 580 1505; x_wconf 78' lang='grc' dir='ltr'><em>οὖν</em></span> <span class='ocrx_word' id='word_1_75' title='bbox 612 1439 743 1517; x_wconf 61' lang='lat' dir='ltr'>perucia</span> <span class='ocrx_word' id='word_1_76' title='bbox 775 1441 874 1522; x_wconf 74' lang='lat' dir='ltr'>coropci</span> <span class='ocrx_word' id='word_1_77' title='bbox 910 1444 963 1508; x_wconf 78' lang='grc' dir='ltr'>κοιὶ</span> <span class='ocrx_word' id='word_1_78' title='bbox 998 1446 1121 1519; x_wconf 81' lang='grc' dir='ltr'><em>νεοονίοις</em></span> <span class='ocrx_word' id='word_1_79' title='bbox 1156 1447 1273 1522; x_wconf 70' lang='grc' dir='ltr'><strong><em>ὁποίους</em></strong></span> <span class='ocrx_word' id='word_1_80' title='bbox 1309 1449 1413 1523; x_wconf 69' lang='lat' dir='ltr'>dodon</span> 
     </span>
     <span class='ocr_line' id='line_1_11' title="bbox 223 1544 1414 1639; baseline 0.002 -25"><span class='ocrx_word' id='word_1_81' title='bbox 223 1551 403 1625; x_wconf 59' lang='lat' dir='ltr'>acatium,</span> <span class='ocrx_word' id='word_1_82' title='bbox 428 1546 459 1611; x_wconf 95' lang='lat' dir='ltr'>id</span> <span class='ocrx_word' id='word_1_83' title='bbox 486 1554 553 1623; x_wconf 89' lang='lat' dir='ltr'>est,</span> <span class='ocrx_word' id='word_1_84' title='bbox 578 1544 647 1631; x_wconf 94' lang='lat' dir='ltr'>ipso</span> <span class='ocrx_word' id='word_1_85' title='bbox 672 1548 865 1630; x_wconf 72' lang='lat' dir='ltr'>interprete:</span> <span class='ocrx_word' id='word_1_86' title='bbox 900 1547 974 1634; x_wconf 83' lang='lat' dir='ltr'>»j’ai</span> <span class='ocrx_word' id='word_1_87' title='bbox 999 1548 1071 1635; x_wconf 78' lang='lat' dir='ltr'>dejt</span> <span class='ocrx_word' id='word_1_88' title='bbox 1096 1553 1210 1637; x_wconf 81' lang='lat' dir='ltr'>exposd</span> <span class='ocrx_word' id='word_1_89' title='bbox 1234 1552 1322 1639; x_wconf 84' lang='lat' dir='ltr'>queis</span> <span class='ocrx_word' id='word_1_90' title='bbox 1339 1555 1414 1637; x_wconf 85' lang='lat' dir='ltr'>jeu·</span> 
     </span>
     <span class='ocr_line' id='line_1_12' title="bbox 223 1649 1414 1741; baseline 0.003 -23"><span class='ocrx_word' id='word_1_91' title='bbox 223 1674 377 1739; x_wconf 75' lang='lat' dir='ltr'>respons</span> <span class='ocrx_word' id='word_1_92' title='bbox 408 1650 536 1738; x_wconf 80' lang='lat' dir='ltr'>produit</span> <span class='ocrx_word' id='word_1_93' title='bbox 559 1669 620 1715; x_wconf 92' lang='lat' dir='ltr'>une</span> <span class='ocrx_word' id='word_1_94' title='bbox 651 1649 753 1714; x_wconf 86' lang='lat' dir='ltr'>bonne</span> <span class='ocrx_word' id='word_1_95' title='bbox 777 1657 807 1715; x_wconf 90' lang='lat' dir='ltr'>et</span> <span class='ocrx_word' id='word_1_96' title='bbox 828 1649 926 1735; x_wconf 89' lang='lat' dir='ltr'>jeune</span> <span class='ocrx_word' id='word_1_97' title='bbox 961 1656 1068 1718; x_wconf 90' lang='lat' dir='ltr'>race.’&#39;</span> <span class='ocrx_word' id='word_1_98' title='bbox 1116 1655 1199 1736; x_wconf 85' lang='lat' dir='ltr'>Quid</span> <span class='ocrx_word' id='word_1_99' title='bbox 1224 1655 1326 1741; x_wconf 79' lang='lat' dir='ltr'>igitur</span> <span class='ocrx_word' id='word_1_100' title='bbox 1352 1655 1414 1722; x_wconf 91' lang='lat' dir='ltr'>sihi</span> 
     </span>
     <span class='ocr_line' id='line_1_13' title="bbox 224 1754 1413 1846; baseline 0.005 -25"><span class='ocrx_word' id='word_1_101' title='bbox 224 1758 292 1823; x_wconf 86' lang='lat' dir='ltr'>vuit</span> <span class='ocrx_word' id='word_1_102' title='bbox 315 1759 371 1823; x_wconf 77' lang='lat' dir='ltr'>ccl</span> <span class='ocrx_word' id='word_1_103' title='bbox 393 1758 425 1821; x_wconf 89' lang='lat' dir='ltr'>iu</span> <span class='ocrx_word' id='word_1_104' title='bbox 455 1754 520 1820; x_wconf 80' lang='grc' dir='ltr'><em>κοιὶ</em></span> <span class='ocrx_word' id='word_1_105' title='bbox 551 1755 672 1827; x_wconf 83' lang='grc' dir='ltr'><em>νοοινίοος</em></span> <span class='ocrx_word' id='word_1_106' title='bbox 698 1754 814 1827; x_wconf 76' lang='grc' dir='ltr'><strong><em>ὄποίους</em></strong></span> <span class='ocrx_word' id='word_1_107' title='bbox 839 1757 970 1831; x_wconf 69' lang='lat' dir='ltr'>duduci?</span> <span class='ocrx_word' id='word_1_108' title='bbox 1019 1759 1054 1823; x_wconf 88' lang='lat' dir='ltr'>In</span> <span class='ocrx_word' id='word_1_109' title='bbox 1078 1759 1192 1826; x_wconf 81' lang='lat' dir='ltr'>Codice</span> <span class='ocrx_word' id='word_1_110' title='bbox 1221 1770 1252 1825; x_wconf 88' lang='lat' dir='ltr'>et</span> <span class='ocrx_word' id='word_1_111' title='bbox 1281 1779 1413 1846; x_wconf 83' lang='lat' dir='ltr'>apogra-</span> 
     </span>
     <span class='ocr_line' id='line_1_14' title="bbox 223 1860 1414 1951; baseline 0.004 -25"><span class='ocrx_word' id='word_1_112' title='bbox 223 1862 285 1949; x_wconf 91' lang='lat' dir='ltr'>pho</span> <span class='ocrx_word' id='word_1_113' title='bbox 321 1861 440 1945; x_wconf 83' lang='lat' dir='ltr'>legitur</span> <span class='ocrx_word' id='word_1_114' title='bbox 473 1860 602 1938; x_wconf 72' lang='grc' dir='ltr'><em>γενννίοι</em></span> <span class='ocrx_word' id='word_1_115' title='bbox 638 1860 738 1940; x_wconf 80' lang='grc' dir='ltr'><strong><em>οποροὶ</em></strong></span> <span class='ocrx_word' id='word_1_116' title='bbox 773 1860 826 1924; x_wconf 74' lang='grc' dir='ltr'>κυνὶ</span> <span class='ocrx_word' id='word_1_117' title='bbox 862 1866 1017 1942; x_wconf 73' lang='grc' dir='ltr'><em>νεῖινις,</em></span> <span class='ocrx_word' id='word_1_118' title='bbox 1052 1884 1134 1950; x_wconf 91' lang='lat' dir='ltr'>quae</span> <span class='ocrx_word' id='word_1_119' title='bbox 1167 1865 1288 1951; x_wconf 88' lang='lat' dir='ltr'>optima</span> <span class='ocrx_word' id='word_1_120' title='bbox 1318 1866 1414 1932; x_wconf 91' lang='lat' dir='ltr'>lectio</span> 
     </span>
     <span class='ocr_line' id='line_1_15' title="bbox 222 1966 1412 2051; baseline 0.003 -18"><span class='ocrx_word' id='word_1_121' title='bbox 222 1976 281 2033; x_wconf 90' lang='lat' dir='ltr'>est.</span> <span class='ocrx_word' id='word_1_122' title='bbox 330 1966 532 2031; x_wconf 78' lang='lat' dir='ltr'>Adiectivurn</span> <span class='ocrx_word' id='word_1_123' title='bbox 559 1985 627 2030; x_wconf 87' lang='lat' dir='ltr'>esse</span> <span class='ocrx_word' id='word_1_124' title='bbox 651 1966 725 2051; x_wconf 91' lang='lat' dir='ltr'>quis</span> <span class='ocrx_word' id='word_1_125' title='bbox 751 1966 854 2030; x_wconf 89' lang='lat' dir='ltr'>nescit</span> <span class='ocrx_word' id='word_1_126' title='bbox 877 1969 892 2029; x_wconf 79' lang='grc' dir='ltr'><em>ὁ</em></span> <span class='ocrx_word' id='word_1_127' title='bbox 916 1969 1058 2047; x_wconf 72' lang='grc' dir='ltr'>νεανίαις,</span> <span class='ocrx_word' id='word_1_128' title='bbox 1083 1974 1100 2046; x_wconf 79' lang='lat' dir='ltr'>i</span> <span class='ocrx_word' id='word_1_129' title='bbox 1123 1974 1221 2043; x_wconf 75' lang='grc' dir='ltr'><em>νεῖινις</em></span> <span class='ocrx_word' id='word_1_130' title='bbox 1245 1971 1412 2049; x_wconf 76' lang='lat' dir='ltr'>irrueritis,</span> 
     </span>
     <span class='ocr_line' id='line_1_16' title="bbox 224 2065 1411 2155; baseline 0.004 -18"><span class='ocrx_word' id='word_1_131' title='bbox 224 2079 260 2137; x_wconf 83' lang='lat' dir='ltr'>ut</span> <span class='ocrx_word' id='word_1_132' title='bbox 292 2071 380 2150; x_wconf 73' lang='grc' dir='ltr'><em>λόγον</em></span> <span class='ocrx_word' id='word_1_133' title='bbox 410 2071 546 2146; x_wconf 82' lang='grc' dir='ltr'><em>νεοονίοοι,</em></span> <span class='ocrx_word' id='word_1_134' title='bbox 580 2071 696 2136; x_wconf 87' lang='grc' dir='ltr'><em>νεοονίοοι</em></span> <span class='ocrx_word' id='word_1_135' title='bbox 731 2065 826 2148; x_wconf 78' lang='grc' dir='ltr'><em>ὦμοι,</em></span> <span class='ocrx_word' id='word_1_136' title='bbox 859 2070 1048 2151; x_wconf 70' lang='grc' dir='ltr'><em>βραχίονες,</em></span> <span class='ocrx_word' id='word_1_137' title='bbox 1085 2081 1117 2137; x_wconf 84' lang='lat' dir='ltr'>et</span> <span class='ocrx_word' id='word_1_138' title='bbox 1149 2073 1280 2148; x_wconf 66' lang='grc' dir='ltr'><em>νεάνιδες</em></span> <span class='ocrx_word' id='word_1_139' title='bbox 1309 2072 1411 2155; x_wconf 62' lang='lat' dir='ltr'>iiior?</span> 
     </span>
     <span class='ocr_line' id='line_1_17' title="bbox 222 2173 1413 2265; baseline 0.003 -23"><span class='ocrx_word' id='word_1_140' title='bbox 222 2178 393 2243; x_wconf 87' lang='lat' dir='ltr'>Praeterea</span> <span class='ocrx_word' id='word_1_141' title='bbox 427 2174 559 2241; x_wconf 83' lang='lat' dir='ltr'>offendit</span> <span class='ocrx_word' id='word_1_142' title='bbox 592 2194 644 2240; x_wconf 88' lang='lat' dir='ltr'>rne</span> <span class='ocrx_word' id='word_1_143' title='bbox 678 2173 825 2239; x_wconf 82' lang='lat' dir='ltr'>futurum</span> <span class='ocrx_word' id='word_1_144' title='bbox 853 2175 977 2254; x_wconf 72' lang='grc' dir='ltr'><em>ιὶνιὶοει,</em></span> <span class='ocrx_word' id='word_1_145' title='bbox 1013 2177 1107 2261; x_wconf 89' lang='lat' dir='ltr'>quasi</span> <span class='ocrx_word' id='word_1_146' title='bbox 1137 2196 1212 2242; x_wconf 91' lang='lat' dir='ltr'>vero</span> <span class='ocrx_word' id='word_1_147' title='bbox 1242 2199 1413 2265; x_wconf 79' lang='lat' dir='ltr'>numquam</span> 
     </span>
     <span class='ocr_line' id='line_1_18' title="bbox 220 2278 1412 2370; baseline 0.002 -23"><span class='ocrx_word' id='word_1_148' title='bbox 220 2292 312 2348; x_wconf 82' lang='lat' dir='ltr'>antec</span> <span class='ocrx_word' id='word_1_149' title='bbox 338 2281 368 2346; x_wconf 95' lang='lat' dir='ltr'>id</span> <span class='ocrx_word' id='word_1_150' title='bbox 395 2281 565 2346; x_wconf 87' lang='lat' dir='ltr'>evenisset.</span> <span class='ocrx_word' id='word_1_151' title='bbox 613 2280 777 2365; x_wconf 81' lang='lat' dir='ltr'>interpres</span> <span class='ocrx_word' id='word_1_152' title='bbox 800 2278 902 2362; x_wconf 77' lang='lat' dir='ltr'>igitur</span> <span class='ocrx_word' id='word_1_153' title='bbox 929 2299 1079 2364; x_wconf 82' lang='lat' dir='ltr'>praesens</span> <span class='ocrx_word' id='word_1_154' title='bbox 1102 2284 1219 2367; x_wconf 80' lang='lat' dir='ltr'>posuit.</span> <span class='ocrx_word' id='word_1_155' title='bbox 1267 2282 1334 2349; x_wconf 90' lang='lat' dir='ltr'>Non</span> <span class='ocrx_word' id='word_1_156' title='bbox 1361 2305 1412 2370; x_wconf 91' lang='lat' dir='ltr'>po·</span> 
     </span>
     <span class='ocr_line' id='line_1_19' title="bbox 220 2383 1411 2469; baseline 0.003 -18"><span class='ocrx_word' id='word_1_157' title='bbox 220 2387 337 2451; x_wconf 91' lang='lat' dir='ltr'>tuisset</span> <span class='ocrx_word' id='word_1_158' title='bbox 374 2385 444 2450; x_wconf 90' lang='lat' dir='ltr'>siue</span> <span class='ocrx_word' id='word_1_159' title='bbox 475 2384 542 2448; x_wconf 88' lang='lat' dir='ltr'>risu</span> <span class='ocrx_word' id='word_1_160' title='bbox 579 2384 726 2449; x_wconf 85' lang='lat' dir='ltr'>futurum</span> <span class='ocrx_word' id='word_1_161' title='bbox 759 2401 888 2468; x_wconf 91' lang='lat' dir='ltr'>ponere.</span> <span class='ocrx_word' id='word_1_162' title='bbox 945 2383 1044 2469; x_wconf 84' lang='lat' dir='ltr'>Atqui</span> <span class='ocrx_word' id='word_1_163' title='bbox 1076 2384 1268 2453; x_wconf 86' lang='lat' dir='ltr'>Graecitatis</span> <span class='ocrx_word' id='word_1_164' title='bbox 1300 2389 1411 2455; x_wconf 90' lang='lat' dir='ltr'>eadem</span> 
     </span>
     <span class='ocr_line' id='line_1_20' title="bbox 222 2488 1186 2575; baseline 0.002 -19"><span class='ocrx_word' id='word_1_165' title='bbox 222 2491 305 2556; x_wconf 85' lang='lat' dir='ltr'>ratio</span> <span class='ocrx_word' id='word_1_166' title='bbox 330 2498 399 2555; x_wconf 90' lang='lat' dir='ltr'>est:</span> <span class='ocrx_word' id='word_1_167' title='bbox 425 2490 533 2575; x_wconf 85' lang='lat' dir='ltr'>itaque</span> <span class='ocrx_word' id='word_1_168' title='bbox 557 2508 691 2575; x_wconf 89' lang='lat' dir='ltr'>repone:</span> <span class='ocrx_word' id='word_1_169' title='bbox 716 2489 833 2561; x_wconf 78' lang='grc' dir='ltr'><strong><em>ὁποίους</em></strong></span> <span class='ocrx_word' id='word_1_170' title='bbox 858 2488 993 2562; x_wconf 69' lang='lat' dir='ltr'>dulcor</span> <span class='ocrx_word' id='word_1_171' title='bbox 1017 2489 1186 2566; x_wconf 69' lang='grc' dir='ltr'><em>δεδήλωκα.</em></span> 
     </span>
    </p>

    <p class='ocr_par' dir='ltr' id='par_1_4' title="bbox 217 2593 1457 4578">
     <span class='ocr_line' id='line_1_21' title="bbox 268 2593 1413 2679; baseline 0.003 -18"><span class='ocrx_word' id='word_1_172' title='bbox 268 2595 371 2677; x_wconf 85' lang='lat' dir='ltr'>Quarn</span> <span class='ocrx_word' id='word_1_173' title='bbox 397 2594 516 2661; x_wconf 86' lang='lat' dir='ltr'>multae</span> <span class='ocrx_word' id='word_1_174' title='bbox 541 2602 616 2660; x_wconf 88' lang='lat' dir='ltr'>sunt</span> <span class='ocrx_word' id='word_1_175' title='bbox 646 2593 800 2659; x_wconf 85' lang='lat' dir='ltr'>lectiones</span> <span class='ocrx_word' id='word_1_176' title='bbox 829 2612 944 2678; x_wconf 82' lang='lat' dir='ltr'>aegrae</span> <span class='ocrx_word' id='word_1_177' title='bbox 973 2612 1009 2659; x_wconf 88' lang='lat' dir='ltr'>ac</span> <span class='ocrx_word' id='word_1_178' title='bbox 1042 2596 1125 2662; x_wconf 83' lang='lat' dir='ltr'>maie</span> <span class='ocrx_word' id='word_1_179' title='bbox 1157 2617 1253 2663; x_wconf 88' lang='lat' dir='ltr'>sanae</span> <span class='ocrx_word' id='word_1_180' title='bbox 1283 2598 1316 2663; x_wconf 94' lang='lat' dir='ltr'>in</span> <span class='ocrx_word' id='word_1_181' title='bbox 1347 2600 1413 2679; x_wconf 88' lang='lat' dir='ltr'>iis,</span> 
     </span>
     <span class='ocr_line' id='line_1_22' title="bbox 220 2697 1411 2788; baseline 0.004 -23"><span class='ocrx_word' id='word_1_182' title='bbox 220 2719 303 2788; x_wconf 92' lang='lat' dir='ltr'>quae</span> <span class='ocrx_word' id='word_1_183' title='bbox 337 2701 490 2767; x_wconf 90' lang='lat' dir='ltr'>continuo</span> <span class='ocrx_word' id='word_1_184' title='bbox 521 2700 722 2787; x_wconf 70' lang='lat' dir='ltr'>sequuntur!</span> <span class='ocrx_word' id='word_1_185' title='bbox 758 2699 805 2763; x_wconf 81' lang='lat' dir='ltr'>Ex</span> <span class='ocrx_word' id='word_1_186' title='bbox 837 2717 899 2762; x_wconf 91' lang='lat' dir='ltr'>uno</span> <span class='ocrx_word' id='word_1_187' title='bbox 929 2697 1017 2763; x_wconf 90' lang='lat' dir='ltr'>disce</span> <span class='ocrx_word' id='word_1_188' title='bbox 1049 2708 1195 2767; x_wconf 86' lang='lat' dir='ltr'>caetera:</span> <span class='ocrx_word' id='word_1_189' title='bbox 1220 2704 1286 2768; x_wconf 76' lang='grc' dir='ltr'>οὐδὲ</span> <span class='ocrx_word' id='word_1_190' title='bbox 1317 2707 1411 2770; x_wconf 83' lang='grc' dir='ltr'><em>ἕποιν-</em></span> 
     </span>
     <span class='ocr_line' id='line_1_23' title="bbox 219 2802 1410 2890; baseline 0.002 -18"><span class='ocrx_word' id='word_1_191' title='bbox 219 2809 317 2872; x_wconf 74' lang='lat' dir='ltr'>coeco</span> <span class='ocrx_word' id='word_1_192' title='bbox 341 2803 421 2871; x_wconf 77' lang='grc' dir='ltr'><em>οὗτοι</em></span> <span class='ocrx_word' id='word_1_193' title='bbox 454 2816 517 2879; x_wconf 80' lang='grc' dir='ltr'><strong><em>τοῖς</em></strong></span> <span class='ocrx_word' id='word_1_194' title='bbox 543 2805 665 2879; x_wconf 79' lang='grc' dir='ltr'><em>πόνοις,</em></span> <span class='ocrx_word' id='word_1_195' title='bbox 703 2804 809 2889; x_wconf 88' lang='lat' dir='ltr'>inquit</span> <span class='ocrx_word' id='word_1_196' title='bbox 846 2802 889 2890; x_wconf 86' lang='lat' dir='ltr'>(p.</span> <span class='ocrx_word' id='word_1_197' title='bbox 914 2806 977 2879; x_wconf 80' lang='lat'>46,</span> <span class='ocrx_word' id='word_1_198' title='bbox 1005 2803 1075 2890; x_wconf 85' lang='lat'><strong>9.)‚</strong></span> <span class='ocrx_word' id='word_1_199' title='bbox 1105 2809 1130 2871; x_wconf 78' lang='lat' dir='ltr'>ei</span> <span class='ocrx_word' id='word_1_200' title='bbox 1166 2809 1209 2887; x_wconf 69' lang='grc' dir='ltr'>μὴ</span> <span class='ocrx_word' id='word_1_201' title='bbox 1239 2808 1410 2889; x_wconf 60' lang='lat' dir='ltr'>apocopen</span> 
     </span>
     <span class='ocr_line' id='line_1_24' title="bbox 218 2906 1411 2996; baseline 0.003 -20"><span class='ocrx_word' id='word_1_202' title='bbox 218 2914 290 2985; x_wconf 78' lang='grc' dir='ltr'><strong><em>τοὺς</em></strong></span> <span class='ocrx_word' id='word_1_203' title='bbox 315 2912 454 2993; x_wconf 78' lang='grc' dir='ltr'><strong><em>ἱδρῶτος.</em></strong></span> <span class='ocrx_word' id='word_1_204' title='bbox 503 2910 685 2993; x_wconf 88' lang='lat' dir='ltr'>Interpres:</span> <span class='ocrx_word' id='word_1_205' title='bbox 724 2906 762 2969; x_wconf 80' lang='lat' dir='ltr'>»a</span> <span class='ocrx_word' id='word_1_206' title='bbox 794 2908 899 2972; x_wconf 88' lang='lat' dir='ltr'>moins</span> <span class='ocrx_word' id='word_1_207' title='bbox 929 2927 990 2992; x_wconf 92' lang='lat' dir='ltr'>que</span> <span class='ocrx_word' id='word_1_208' title='bbox 1017 2928 1098 2974; x_wconf 89' lang='lat' dir='ltr'>nous</span> <span class='ocrx_word' id='word_1_209' title='bbox 1126 2910 1171 2976; x_wconf 91' lang='lat' dir='ltr'>les</span> <span class='ocrx_word' id='word_1_210' title='bbox 1204 2912 1411 2996; x_wconf 79' lang='lat' dir='ltr'>enipdehicns</span> 
     </span>
     <span class='ocr_line' id='line_1_25' title="bbox 223 3012 1410 3105; baseline 0.001 -23"><span class='ocrx_word' id='word_1_211' title='bbox 223 3016 277 3105; x_wconf 91' lang='lat' dir='ltr'>[de</span> <span class='ocrx_word' id='word_1_212' title='bbox 301 3016 431 3104; x_wconf 88' lang='lat' dir='ltr'>suer].&#39;&#39;</span> <span class='ocrx_word' id='word_1_213' title='bbox 479 3014 620 3079; x_wconf 86' lang='lat' dir='ltr'>Hocoine</span> <span class='ocrx_word' id='word_1_214' title='bbox 643 3019 692 3078; x_wconf 87' lang='lat' dir='ltr'>est</span> <span class='ocrx_word' id='word_1_215' title='bbox 713 3012 840 3091; x_wconf 70' lang='lat' dir='ltr'>cutim</span> <span class='ocrx_word' id='word_1_216' title='bbox 860 3013 931 3086; x_wconf 83' lang='grc' dir='ltr'><strong><em>ποὺς</em></strong></span> <span class='ocrx_word' id='word_1_217' title='bbox 955 3014 1105 3094; x_wconf 75' lang='grc' dir='ltr'>ἱδςῶπνςῖ</span> <span class='ocrx_word' id='word_1_218' title='bbox 1138 3016 1199 3081; x_wconf 87' lang='lat' dir='ltr'>Pro</span> <span class='ocrx_word' id='word_1_219' title='bbox 1223 3016 1410 3097; x_wconf 73' lang='grc' dir='ltr'><em>οὶμύνοιιοεν,</em></span> 
     </span>
     <span class='ocr_line' id='line_1_26' title="bbox 218 3117 1409 3208; baseline 0.002 -21"><span class='ocrx_word' id='word_1_220' title='bbox 218 3142 302 3208; x_wconf 88' lang='lat' dir='ltr'>quae</span> <span class='ocrx_word' id='word_1_221' title='bbox 334 3120 476 3187; x_wconf 85' lang='lat' dir='ltr'>Editoris</span> <span class='ocrx_word' id='word_1_222' title='bbox 511 3127 560 3185; x_wconf 88' lang='lat' dir='ltr'>est</span> <span class='ocrx_word' id='word_1_223' title='bbox 593 3117 873 3196; x_wconf 85' lang='lat' dir='ltr'>correctiuncuia‚</span> <span class='ocrx_word' id='word_1_224' title='bbox 910 3119 942 3184; x_wconf 90' lang='lat' dir='ltr'>in</span> <span class='ocrx_word' id='word_1_225' title='bbox 976 3119 1158 3206; x_wconf 83' lang='lat' dir='ltr'>apographo</span> <span class='ocrx_word' id='word_1_226' title='bbox 1193 3130 1242 3187; x_wconf 86' lang='lat' dir='ltr'>est</span> <span class='ocrx_word' id='word_1_227' title='bbox 1276 3123 1409 3204; x_wconf 65' lang='grc' dir='ltr'><em>ἀμύητοι</em></span> 
     </span>
     <span class='ocr_line' id='line_1_27' title="bbox 218 3223 1409 3314; baseline 0.004 -23"><span class='ocrx_word' id='word_1_228' title='bbox 218 3227 286 3307; x_wconf 86' lang='grc' dir='ltr'><em>μὲν.</em></span> <span class='ocrx_word' id='word_1_229' title='bbox 336 3227 447 3314; x_wconf 84' lang='lat' dir='ltr'>Mynas</span> <span class='ocrx_word' id='word_1_230' title='bbox 471 3227 496 3290; x_wconf 81' lang='grc' dir='ltr'>εἰ</span> <span class='ocrx_word' id='word_1_231' title='bbox 524 3226 568 3303; x_wconf 77' lang='grc' dir='ltr'>μή</span> <span class='ocrx_word' id='word_1_232' title='bbox 603 3223 641 3289; x_wconf 94' lang='lat' dir='ltr'>de</span> <span class='ocrx_word' id='word_1_233' title='bbox 674 3243 732 3289; x_wconf 91' lang='lat' dir='ltr'>suc</span> <span class='ocrx_word' id='word_1_234' title='bbox 757 3225 938 3290; x_wconf 82' lang='lat' dir='ltr'>inseruerat</span> <span class='ocrx_word' id='word_1_235' title='bbox 968 3226 1077 3310; x_wconf 92' lang='lat' dir='ltr'>prius,</span> <span class='ocrx_word' id='word_1_236' title='bbox 1111 3224 1225 3293; x_wconf 92' lang='lat' dir='ltr'>deinde</span> <span class='ocrx_word' id='word_1_237' title='bbox 1249 3248 1283 3294; x_wconf 90' lang='lat' dir='ltr'>ea</span> <span class='ocrx_word' id='word_1_238' title='bbox 1312 3231 1409 3296; x_wconf 86' lang='lat' dir='ltr'>verba</span> 
     </span>
     <span class='ocr_line' id='line_1_28' title="bbox 219 3328 1409 3416; baseline 0.004 -18"><span class='ocrx_word' id='word_1_239' title='bbox 219 3333 372 3397; x_wconf 85' lang='lat' dir='ltr'>resecuit.</span> <span class='ocrx_word' id='word_1_240' title='bbox 408 3330 569 3416; x_wconf 81' lang='lat' dir='ltr'>Quidquid</span> <span class='ocrx_word' id='word_1_241' title='bbox 594 3331 742 3415; x_wconf 81' lang='lat' dir='ltr'>attigeris</span> <span class='ocrx_word' id='word_1_242' title='bbox 768 3328 860 3395; x_wconf 72' lang='lat' dir='ltr'>nicus</span> <span class='ocrx_word' id='word_1_243' title='bbox 881 3338 940 3396; x_wconf 89' lang='lat' dir='ltr'>est.</span> <span class='ocrx_word' id='word_1_244' title='bbox 980 3329 1133 3396; x_wconf 84' lang='lat' dir='ltr'>Eiusdem</span> <span class='ocrx_word' id='word_1_245' title='bbox 1160 3344 1306 3400; x_wconf 87' lang='lat' dir='ltr'>monetae</span> <span class='ocrx_word' id='word_1_246' title='bbox 1331 3347 1409 3403; x_wconf 90' lang='lat' dir='ltr'>sunt</span> 
     </span>
     <span class='ocr_line' id='line_1_29' title="bbox 218 3431 1409 3526; baseline 0.004 -25"><span class='ocrx_word' id='word_1_247' title='bbox 218 3457 265 3501; x_wconf 76' lang='lat' dir='ltr'>va.</span> <span class='ocrx_word' id='word_1_248' title='bbox 292 3442 352 3502; x_wconf 91' lang='lat'>10:</span> <span class='ocrx_word' id='word_1_249' title='bbox 389 3438 467 3510; x_wconf 79' lang='grc' dir='ltr'><em>τινὲς</em></span> <span class='ocrx_word' id='word_1_250' title='bbox 498 3437 563 3502; x_wconf 76' lang='grc' dir='ltr'><strong><em>οὐδὲ</em></strong></span> <span class='ocrx_word' id='word_1_251' title='bbox 594 3436 758 3510; x_wconf 74' lang='grc' dir='ltr'><em>ἐπιτήδειοι</em></span> <span class='ocrx_word' id='word_1_252' title='bbox 791 3431 862 3516; x_wconf 76' lang='grc' dir='ltr'><em>οἶςοιι</em></span> <span class='ocrx_word' id='word_1_253' title='bbox 887 3435 994 3514; x_wconf 74' lang='grc' dir='ltr'><em>οὐδέν,</em></span> <span class='ocrx_word' id='word_1_254' title='bbox 1029 3434 1061 3498; x_wconf 87' lang='lat' dir='ltr'>id</span> <span class='ocrx_word' id='word_1_255' title='bbox 1091 3445 1159 3513; x_wconf 85' lang='lat' dir='ltr'>est,</span> <span class='ocrx_word' id='word_1_256' title='bbox 1184 3439 1210 3502; x_wconf 86' lang='lat' dir='ltr'>si</span> <span class='ocrx_word' id='word_1_257' title='bbox 1235 3438 1409 3526; x_wconf 83' lang='lat' dir='ltr'>interpreti</span> 
     </span>
     <span class='ocr_line' id='line_1_30' title="bbox 219 3538 1407 3628; baseline 0.004 -22"><span class='ocrx_word' id='word_1_258' title='bbox 219 3542 345 3609; x_wconf 88' lang='lat' dir='ltr'>credis:</span> <span class='ocrx_word' id='word_1_259' title='bbox 384 3539 561 3606; x_wconf 68' lang='lat' dir='ltr'>„inhabiles</span> <span class='ocrx_word' id='word_1_260' title='bbox 586 3540 604 3605; x_wconf 83' lang='lat' dir='ltr'>ai</span> <span class='ocrx_word' id='word_1_261' title='bbox 629 3539 774 3604; x_wconf 86' lang='lat' dir='ltr'>soutever</span> <span class='ocrx_word' id='word_1_262' title='bbox 797 3538 825 3604; x_wconf 88' lang='lat' dir='ltr'>le</span> <span class='ocrx_word' id='word_1_263' title='bbox 850 3538 996 3605; x_wconf 84' lang='lat' dir='ltr'>nroindre</span> <span class='ocrx_word' id='word_1_264' title='bbox 1019 3538 1186 3606; x_wconf 87' lang='lat' dir='ltr'>iardeau.’&#39;</span> <span class='ocrx_word' id='word_1_265' title='bbox 1233 3544 1318 3628; x_wconf 83' lang='lat' dir='ltr'>Ergo</span> <span class='ocrx_word' id='word_1_266' title='bbox 1342 3546 1407 3612; x_wconf 85' lang='grc' dir='ltr'>ἐπι·</span> 
     </span>
     <span class='ocr_line' id='line_1_31' title="bbox 219 3640 1405 3729; baseline -0.001 -13"><span class='ocrx_word' id='word_1_267' title='bbox 219 3649 334 3727; x_wconf 73' lang='grc' dir='ltr'>πήδειος</span> <span class='ocrx_word' id='word_1_268' title='bbox 359 3655 406 3712; x_wconf 90' lang='lat' dir='ltr'>est</span> <span class='ocrx_word' id='word_1_269' title='bbox 432 3644 583 3724; x_wconf 78' lang='grc' dir='ltr'><em>δυνιιτός,</em></span> <span class='ocrx_word' id='word_1_270' title='bbox 607 3652 638 3711; x_wconf 86' lang='lat' dir='ltr'>et</span> <span class='ocrx_word' id='word_1_271' title='bbox 663 3640 735 3725; x_wconf 75' lang='grc' dir='ltr'><em>οἶνοι</em></span> <span class='ocrx_word' id='word_1_272' title='bbox 763 3642 846 3709; x_wconf 87' lang='lat' dir='ltr'>idern</span> <span class='ocrx_word' id='word_1_273' title='bbox 868 3643 954 3729; x_wconf 94' lang='lat' dir='ltr'>quod</span> <span class='ocrx_word' id='word_1_274' title='bbox 979 3642 1134 3725; x_wconf 71' lang='lat' dir='ltr'>dpcctci?</span> <span class='ocrx_word' id='word_1_275' title='bbox 1164 3648 1241 3712; x_wconf 80' lang='lat' dir='ltr'>Cras</span> <span class='ocrx_word' id='word_1_276' title='bbox 1266 3648 1405 3717; x_wconf 85' lang='lat' dir='ltr'>credam.</span> 
     </span>
     <span class='ocr_line' id='line_1_32' title="bbox 218 3748 1407 3839; baseline -0.001 -19"><span class='ocrx_word' id='word_1_277' title='bbox 218 3751 461 3821; x_wconf 83' lang='lat' dir='ltr'>Eiusdeunnodi</span> <span class='ocrx_word' id='word_1_278' title='bbox 495 3758 543 3817; x_wconf 82' lang='lat' dir='ltr'>est</span> <span class='ocrx_word' id='word_1_279' title='bbox 578 3770 624 3815; x_wconf 80' lang='lat' dir='ltr'>vs,</span> <span class='ocrx_word' id='word_1_280' title='bbox 651 3754 705 3828; x_wconf 78' lang='lat'>13,</span> <span class='ocrx_word' id='word_1_281' title='bbox 736 3749 770 3813; x_wconf 84' lang='grc' dir='ltr'>πὸ</span> <span class='ocrx_word' id='word_1_282' title='bbox 804 3749 867 3831; x_wconf 68' lang='grc' dir='ltr'>γὰρ</span> <span class='ocrx_word' id='word_1_283' title='bbox 895 3748 1020 3838; x_wconf 78' lang='lat' dir='ltr'>(Editor</span> <span class='ocrx_word' id='word_1_284' title='bbox 1043 3755 1133 3816; x_wconf 80' lang='grc' dir='ltr'><em>τοῦτο</em></span> <span class='ocrx_word' id='word_1_285' title='bbox 1155 3751 1231 3839; x_wconf 69' lang='grc' dir='ltr'>γάρ)</span> <span class='ocrx_word' id='word_1_286' title='bbox 1256 3753 1287 3826; x_wconf 80' lang='grc' dir='ltr'>ἒς</span> <span class='ocrx_word' id='word_1_287' title='bbox 1311 3753 1407 3835; x_wconf 74' lang='grc' dir='ltr'><em>ἄνδοοο</em></span> 
     </span>
     <span class='ocr_line' id='line_1_33' title="bbox 218 3848 1457 3944; baseline -0.001 -18"><span class='ocrx_word' id='word_1_288' title='bbox 218 3864 252 3927; x_wconf 86' lang='grc' dir='ltr'>οὒ</span> <span class='ocrx_word' id='word_1_289' title='bbox 274 3861 406 3940; x_wconf 75' lang='grc' dir='ltr'><em>βεβαιοῖ</em></span> <span class='ocrx_word' id='word_1_290' title='bbox 427 3856 458 3921; x_wconf 90' lang='lat' dir='ltr'>id</span> <span class='ocrx_word' id='word_1_291' title='bbox 479 3864 546 3922; x_wconf 86' lang='lat' dir='ltr'>est:</span> <span class='ocrx_word' id='word_1_292' title='bbox 581 3874 657 3920; x_wconf 76' lang='lat' dir='ltr'>»oar</span> <span class='ocrx_word' id='word_1_293' title='bbox 686 3873 729 3919; x_wconf 95' lang='lat' dir='ltr'>un</span> <span class='ocrx_word' id='word_1_294' title='bbox 755 3873 848 3940; x_wconf 92' lang='lat' dir='ltr'>corps</span> <span class='ocrx_word' id='word_1_295' title='bbox 884 3855 967 3920; x_wconf 91' lang='lat' dir='ltr'>ainsi</span> <span class='ocrx_word' id='word_1_296' title='bbox 994 3852 1052 3920; x_wconf 81' lang='lat' dir='ltr'>fait</span> <span class='ocrx_word' id='word_1_297' title='bbox 1083 3874 1122 3920; x_wconf 91' lang='lat' dir='ltr'>ne</span> <span class='ocrx_word' id='word_1_298' title='bbox 1145 3855 1247 3923; x_wconf 78' lang='lat' dir='ltr'>forme</span> <span class='ocrx_word' id='word_1_299' title='bbox 1275 3879 1332 3944; x_wconf 92' lang='lat' dir='ltr'>pas</span> <span class='ocrx_word' id='word_1_300' title='bbox 1362 3880 1405 3925; x_wconf 89' lang='lat' dir='ltr'>un</span> <span class='ocrx_word' id='word_1_301' title='bbox 1456 3848 1457 3851; x_wconf 27' lang='lat'>¹</span> 
     </span>
     <span class='ocr_line' id='line_1_34' title="bbox 218 3961 1404 4047; baseline -0.002 -16"><span class='ocrx_word' id='word_1_302' title='bbox 218 3965 347 4031; x_wconf 84' lang='lat' dir='ltr'>homme</span> <span class='ocrx_word' id='word_1_303' title='bbox 368 3962 531 4028; x_wconf 85' lang='lat' dir='ltr'>robuste.&#39;’</span> <span class='ocrx_word' id='word_1_304' title='bbox 556 3961 635 4027; x_wconf 89' lang='lat' dir='ltr'>haec</span> <span class='ocrx_word' id='word_1_305' title='bbox 656 3980 781 4047; x_wconf 90' lang='lat' dir='ltr'>quoque</span> <span class='ocrx_word' id='word_1_306' title='bbox 806 3967 882 4025; x_wconf 92' lang='lat' dir='ltr'>sunt</span> <span class='ocrx_word' id='word_1_307' title='bbox 905 3965 959 4025; x_wconf 81' lang='grc' dir='ltr'>τοῦ</span> <span class='ocrx_word' id='word_1_308' title='bbox 993 3965 1118 4042; x_wconf 76' lang='grc' dir='ltr'><em>πονηροῦ</em></span> <span class='ocrx_word' id='word_1_309' title='bbox 1147 3962 1320 4042; x_wconf 70' lang='grc' dir='ltr'><em>κάμνοντος.</em></span> <span class='ocrx_word' id='word_1_310' title='bbox 1369 3966 1404 4032; x_wconf 92' lang='lat' dir='ltr'>ln</span> 
     </span>
     <span class='ocr_line' id='line_1_35' title="bbox 219 4066 1405 4156; baseline 0.002 -21"><span class='ocrx_word' id='word_1_311' title='bbox 219 4069 372 4156; x_wconf 84' lang='lat' dir='ltr'>reliquis,</span> <span class='ocrx_word' id='word_1_312' title='bbox 406 4088 488 4154; x_wconf 89' lang='lat' dir='ltr'>quae</span> <span class='ocrx_word' id='word_1_313' title='bbox 509 4069 636 4133; x_wconf 86' lang='lat' dir='ltr'>saniora</span> <span class='ocrx_word' id='word_1_314' title='bbox 668 4075 765 4144; x_wconf 90' lang='lat' dir='ltr'>sunt,</span> <span class='ocrx_word' id='word_1_315' title='bbox 801 4066 928 4152; x_wconf 92' lang='lat' dir='ltr'>requiro</span> <span class='ocrx_word' id='word_1_316' title='bbox 960 4085 1058 4131; x_wconf 87' lang='lat' dir='ltr'>unarn</span> <span class='ocrx_word' id='word_1_317' title='bbox 1088 4067 1252 4136; x_wconf 85' lang='lat' dir='ltr'>voculam:</span> <span class='ocrx_word' id='word_1_318' title='bbox 1287 4073 1348 4149; x_wconf 72' lang='grc' dir='ltr'>ἐγὼ</span> <span class='ocrx_word' id='word_1_319' title='bbox 1374 4074 1405 4138; x_wconf 79' lang='grc' dir='ltr'>δὲ</span> 
     </span>
     <span class='ocr_line' id='line_1_36' title="bbox 217 4171 1405 4261; baseline 0.002 -20"><span class='ocrx_word' id='word_1_320' title='bbox 217 4176 342 4248; x_wconf 80' lang='grc' dir='ltr'><strong><em>τούτους</em></strong></span> <span class='ocrx_word' id='word_1_321' title='bbox 365 4172 489 4239; x_wconf 78' lang='grc' dir='ltr'><em>ποὶνποιν</em></span> <span class='ocrx_word' id='word_1_322' title='bbox 516 4171 598 4261; x_wconf 80' lang='grc' dir='ltr'><em>(μὲν)</em></span> <span class='ocrx_word' id='word_1_323' title='bbox 623 4171 746 4248; x_wconf 57' lang='lat' dir='ltr'>unctui</span> <span class='ocrx_word' id='word_1_324' title='bbox 770 4177 828 4236; x_wconf 82' lang='grc' dir='ltr'>πῶν</span> <span class='ocrx_word' id='word_1_325' title='bbox 853 4172 883 4236; x_wconf 84' lang='grc' dir='ltr'><em>ἕν</em></span> <span class='ocrx_word' id='word_1_326' title='bbox 909 4172 1051 4256; x_wconf 67' lang='grc' dir='ltr'><em>ἀγωνίᾳ,</em></span> <span class='ocrx_word' id='word_1_327' title='bbox 1076 4176 1273 4254; x_wconf 60' lang='lat' dir='ltr'>cccccccccc</span> <span class='ocrx_word' id='word_1_328' title='bbox 1297 4178 1328 4242; x_wconf 77' lang='grc' dir='ltr'>δὲ</span> <span class='ocrx_word' id='word_1_329' title='bbox 1352 4179 1405 4242; x_wconf 79' lang='lat' dir='ltr'>cci</span> 
     </span>
     <span class='ocr_line' id='line_1_37' title="bbox 218 4276 1405 4362; baseline 0.001 -14"><span class='ocrx_word' id='word_1_330' title='bbox 218 4287 349 4362; x_wconf 73' lang='grc' dir='ltr'><strong><em>πυγμῆς</em></strong></span> <span class='ocrx_word' id='word_1_331' title='bbox 381 4281 516 4360; x_wconf 61' lang='lat' dir='ltr'>pentec.</span> <span class='ocrx_word' id='word_1_332' title='bbox 566 4278 757 4344; x_wconf 85' lang='lat' dir='ltr'>Simiilitnus</span> <span class='ocrx_word' id='word_1_333' title='bbox 795 4276 883 4343; x_wconf 84' lang='lat' dir='ltr'>iocus</span> <span class='ocrx_word' id='word_1_334' title='bbox 918 4298 948 4362; x_wconf 93' lang='lat' dir='ltr'>p.</span> <span class='ocrx_word' id='word_1_335' title='bbox 973 4282 1035 4356; x_wconf 76' lang='lat'>54,</span> <span class='ocrx_word' id='word_1_336' title='bbox 1062 4283 1113 4344; x_wconf 88' lang='lat'>10.</span> <span class='ocrx_word' id='word_1_337' title='bbox 1147 4278 1263 4344; x_wconf 87' lang='lat' dir='ltr'>mendo</span> <span class='ocrx_word' id='word_1_338' title='bbox 1297 4292 1405 4349; x_wconf 86' lang='lat' dir='ltr'>uacat:</span> 
     </span>
     <span class='ocr_line' id='line_1_38' title="bbox 218 4381 1405 4470; baseline -0.001 -17"><span class='ocrx_word' id='word_1_339' title='bbox 218 4388 444 4470; x_wconf 74' lang='grc' dir='ltr'>ποιχυκνήμους</span> <span class='ocrx_word' id='word_1_340' title='bbox 480 4386 511 4450; x_wconf 73' lang='grc' dir='ltr'>δὲ</span> <span class='ocrx_word' id='word_1_341' title='bbox 545 4385 606 4451; x_wconf 78' lang='grc' dir='ltr'><strong><em>οὐδ’</em></strong></span> <span class='ocrx_word' id='word_1_342' title='bbox 636 4381 735 4452; x_wconf 72' lang='grc' dir='ltr'><em>ἄλλον</em></span> <span class='ocrx_word' id='word_1_343' title='bbox 763 4383 820 4464; x_wconf 77' lang='grc' dir='ltr'><em>μὲν</em></span> <span class='ocrx_word' id='word_1_344' title='bbox 852 4384 968 4457; x_wconf 76' lang='grc' dir='ltr'><em>οὐδενὸς</em></span> <span class='ocrx_word' id='word_1_345' title='bbox 1002 4389 1061 4448; x_wconf 80' lang='grc' dir='ltr'>πῶν</span> <span class='ocrx_word' id='word_1_346' title='bbox 1093 4385 1124 4447; x_wconf 81' lang='grc' dir='ltr'><em>ἕν</em></span> <span class='ocrx_word' id='word_1_347' title='bbox 1155 4384 1276 4468; x_wconf 74' lang='grc' dir='ltr'><em>οὶγιονίςι</em></span> <span class='ocrx_word' id='word_1_348' title='bbox 1307 4385 1405 4467; x_wconf 60' lang='lat' dir='ltr'>agiu,</span> 
     </span>
     <span class='ocr_line' id='line_1_39' title="bbox 220 4488 1404 4578; baseline 0.001 -19"><span class='ocrx_word' id='word_1_349' title='bbox 220 4501 349 4572; x_wconf 73' lang='grc' dir='ltr'><strong><em>πυγμῆς</em></strong></span> <span class='ocrx_word' id='word_1_350' title='bbox 373 4492 404 4558; x_wconf 79' lang='grc' dir='ltr'>δὲ</span> <span class='ocrx_word' id='word_1_351' title='bbox 430 4489 531 4568; x_wconf 67' lang='lat' dir='ltr'>darec.</span> <span class='ocrx_word' id='word_1_352' title='bbox 579 4489 700 4559; x_wconf 83' lang='lat' dir='ltr'>Deinde</span> <span class='ocrx_word' id='word_1_353' title='bbox 725 4490 794 4578; x_wconf 80' lang='lat' dir='ltr'>iege</span> <span class='ocrx_word' id='word_1_354' title='bbox 819 4511 863 4557; x_wconf 78' lang='lat' dir='ltr'>VS.</span> <span class='ocrx_word' id='word_1_355' title='bbox 888 4493 944 4556; x_wconf 80' lang='lat'>16:</span> <span class='ocrx_word' id='word_1_356' title='bbox 969 4488 1139 4570; x_wconf 74' lang='grc' dir='ltr'><em>νυμνοοςέοι</em></span> <span class='ocrx_word' id='word_1_357' title='bbox 1161 4489 1192 4558; x_wconf 74' lang='grc' dir='ltr'>δὲ</span> <span class='ocrx_word' id='word_1_358' title='bbox 1216 4488 1296 4570; x_wconf 72' lang='grc' dir='ltr'><strong><em>ὅμως</em></strong></span> <span class='ocrx_word' id='word_1_359' title='bbox 1320 4495 1404 4571; x_wconf 72' lang='lat' dir='ltr'>potn-</span> 
     </span>
    </p>
   </div>
   <div class='ocr_carea' id='block_1_3' title="bbox 0 0 1640 5190">
    <p class='ocr_par' dir='ltr' id='par_1_5' title="bbox 0 0 1640 5190">
     <span class='ocr_line' id='line_1_40' title="bbox 0 0 1640 5190; baseline 0 3"><span class='ocrx_word' id='word_1_360' title='bbox 0 0 1640 5190; x_wconf 95' lang='lat' dir='ltr'> </span> 
     </span>
    </p>
   </div>
  </div>
 </body>
</html>
