3270 5190
849 441 891 503 70

281 611 372 679 ribus
403 613 486 680 ficta.
542 613 631 679 Vidit
663 618 696 679 et
727 610 809 677 hanc
844 610 1096 678 vetustissimam
1126 616 1265 676 statuam
1298 607 1472 694 Phigaleae

281 719 457 785 Pausanias
480 719 564 785 Vlll.
589 741 636 785 xa.
665 723 701 783 1:
726 723 900 796 Φιγαλεῦσι
924 719 956 784 δὲ
980 715 1101 798 σίνδριιίς
1118 717 1180 785 ε’ςιν
1200 716 1250 781 ἐπί
1270 724 1326 791 τῆς
1349 717 1471 797 νίγορῶς

281 825 473 907 Ἀρριχίανος
510 829 564 890 τοῦ
604 826 845 906 παννρασιαςοῦ
870 862 914 872 -
936 825 1079 905 ῶρχαῐος.
1109 860 1153 870 -
1184 821 1310 898 λέγουσι
1351 820 1383 885 δὲ
1415 818 1470 884 καί

281 930 473 1011 ἐπίγραμμα
505 930 554 994 ἐπ’
578 932 674 1006 κνίσην
697 934 878 1012 γραφῆναι·
907 927 959 993 καί
983 931 1072 993 τοῦτο
1101 927 1158 1005 μὲν
1177 926 1310 1009 ἠφοίνιςο
1335 926 1393 991 ὑπὸ
1415 927 1471 990 ποῶ

280 1035 400 1116 χρόνον.
448 1035 566 1101 Mirum
589 1055 650 1099 non
684 1042 755 1111 est,
779 1051 853 1097 uam
879 1053 978 1118 quum
1007 1033 1085 1110 haec
1116 1033 1291 1098 Pausanias
1315 1030 1473 1096 scriberet

283 1140 516 1224 praeterierant
549 1140 626 1206 anni
651 1143 725 1206 758.
758 1157 796 1205 ex
832 1157 895 1224 qno
928 1137 1098 1204 Arrichion
1129 1140 1161 1203 in
1194 1138 1298 1204 media
1334 1137 1473 1204 victoria

282 1244 485 1328 exspirasset.

327 1349 485 1434 Corrupta
508 1346 602 1414 verba
628 1369 658 1434 p.
686 1353 746 1427 54,
772 1353 803 1414 P.
835 1349 1039 1427 ῶπιςοιίμενον
1068 1349 1100 1413 ἐν
1119 1351 1288 1435 Ὀλυμπίᾳ
1310 1350 1366 1423 την
1388 1371 1474 1427 πυν-

283 1456 344 1534 μίην
366 1456 408 1536 τῷ
434 1453 597 1536 αντιπνίλῳ
621 1454 678 1520 diu
702 1461 734 1520 et
758 1454 897 1520 multum
923 1474 974 1520 me
997 1463 1234 1533 exercuerunt,
1259 1454 1313 1520 sed
1338 1453 1473 1519 lrustra.

283 1559 369 1624 Nihil
404 1560 470 1624 exit
502 1558 586 1644 quod
621 1559 718 1624 simul
752 1559 930 1626 sententiae
954 1566 985 1624 et
1009 1557 1185 1625 Graecitati
1217 1563 1261 1625 ita
1295 1557 1475 1625 satisfaciat

286 1672 410 1730 utnon
433 1663 531 1728 nimis
559 1683 577 1728 a
602 1664 731 1749 vulgata
754 1664 890 1730 lectione
919 1662 1072 1729 discedat.
1120 1665 1299 1751 Inspiciant
1323 1663 1475 1729 Codicem

284 1769 402 1855 quibus
426 1770 488 1835 erit
525 1767 620 1834 huius
651 1769 699 1834 rci
731 1771 832 1854 copia.
880 1768 998 1834 Contra
1032 1769 1153 1855 aliquid
1183 1770 1319 1856 dispicio
1350 1789 1380 1854 p.
1405 1773 1474 1847 54,

285 1879 339 1941 20.
366 1875 398 1938 in
422 1872 559 1938 ridicula
584 1873 719 1939 lectione
749 1877 802 1940 οὐκ
829 1871 962 1949 οέπαξιοί
982 1876 1014 1941 τί
1037 1900 1071 1939 σε
1100 1876 1159 1940 πῶν
1191 1876 1303 1948 ἑαυτῆς
1327 1875 1476 1940 παιδικῶν

285 1987 413 2046 νικῶντα
433 1979 658 2060 Ὀλυμπίαζε,
690 1977 745 2045 ubi
776 1978 856 2044 haec
878 1978 980 2044 latere
1008 1981 1172 2065 suspicor:
1206 1981 1260 2044 οὐκ
1284 1975 1418 2054 ῶπαξιοί
1438 2003 1476 2044 σε

285 2087 431 2166 ε’ραςην
463 2088 479 2161 η’
514 2086 712 2159 παιδίσκη
746 2091 874 2151 νικῶντα
906 2085 1117 2163 Ὀλυμπίασι.
1172 2083 1298 2150 Urbane
1334 2091 1477 2150 utuntur

284 2198 409 2256 veteres
442 2190 627 2255 nominibus
658 2191 805 2265 παιδίσκη
831 2199 863 2256 et
893 2189 1105 2272 παιδισκοίριον
1134 2191 1166 2254 in
1195 2191 1339 2255 oratione
1368 2189 1477 2256 iocosa

285 2303 341 2360 ant
366 2294 517 2361 hilariore
542 2303 598 2360 aut
623 2297 649 2360 si
673 2297 800 2382 quando
823 2298 1011 2363 contemtim
1036 2295 1075 2362 de
1098 2292 1262 2360 amoribus
1284 2293 1475 2380 loquuntur.

285 2399 365 2465 Nota
401 2409 449 2465 est
484 2400 613 2487 querela
650 2401 867 2468 Thrasonidae
901 2407 957 2467 τοῦ
993 2401 1187 2480 Μισουμίνου
1223 2399 1309 2487 apud
1347 2399 1477 2466 Menan·

286 2505 402 2571 drnm:
1307 2582 1309 2586 .

469 2610 672 2676 παιδισκοί
680 2610 739 2693 ριί
747 2636 761 2676 ν
784 2637 826 2691 με
850 2612 1097 2678 καταδεδούλακ
1120 2610 1256 2686 εὐτελές.

286 2714 460 2780 Clementis
503 2714 710 2782 Alexandrini
754 2717 975 2783 testimonium
1011 2716 1222 2804 peridoneum
1254 2715 1399 2783 Diodori.
1435 2715 1477 2784 ad

288 2817 398 2904 Steph.
424 2818 518 2886 Tlres
542 2821 651 2887 attulit
676 2834 713 2888 e'x
739 2820 874 2908 Paedag.
900 2843 930 2908 p.
957 2825 1041 2889 105:
1079 2821 1113 2888 οὔ
1136 2846 1186 2902 μοι
1211 2824 1308 2896 δοκεῖς
1327 2830 1477 2899 Ἀττικῆς

286 2925 405 2990 ἕπαίειν
429 2931 532 3008 Φανῆς
564 2930 638 3011 παρ’
662 2926 695 3005 ἧς
726 2927 787 2998 ἔςιν
810 2929 957 3008 ε’κμαίεῖν
989 2928 1048 3004 τας
1076 2929 1180 3003 καλῶς
1204 2930 1256 2996 καί
1289 2929 1401 3012 ὡραίας
1430 2927 1477 2996 ἔτι

287 3031 318 3096 δὲ
342 3030 395 3097 καί
427 3032 586 3115 ἕλευίέρας
611 3033 749 3108 νεοίνιδας
774 3035 1004 3107 παιδίσκας
1036 3035 1254 3114 καλουμένας,
1278 3037 1373 3100 cuius
1398 3053 1478 3100 usus

288 3144 338 3202 sat
368 3135 469 3201 rnulta
499 3147 529 3202 et
561 3148 635 3204 nota
661 3138 806 3225 exempla
830 3148 916 3205 sunt.
966 3139 1019 3204 Sic
1041 3140 1141 3224 igitur
1165 3139 1401 3225 quodammodo
1424 3158 1478 3225 pa·

291 3248 335 3305 tet
360 3238 444 3304 unde
466 3241 581 3307 vitiosa
605 3244 719 3330 Mynae
742 3245 903 3328 scriptura
926 3252 1000 3309 nata
1029 3263 1099 3310 esse
1123 3245 1273 3330 potuerit.

346 3344 422 3409 Post
457 3365 558 3430 pauca
590 3356 743 3412 narratur
778 3348 975 3415 Promachus
1007 3349 1124 3416 vicisse
1157 3349 1394 3429 Πολυδιίμαντα
1425 3350 1499 3415 τίν’

290 3458 517 3517 Σκοτουσσαίου
544 3453 630 3531 μετὰ
664 3455 734 3527 τοὺς
769 3455 896 3528 λέοντας
921 3451 969 3528 οὓς
1000 3456 1013 3521 ὁ
1043 3455 1235 3534 Πολυδιίμας
1270 3455 1371 3537 ᾑρήκει
1403 3460 1478 3536 παρ’

286 3557 389 3639 Ὤχῳ
409 3558 451 3639 τῷ
475 3558 585 3641 Πέρση.
618 3558 702 3624 Haeo
723 3579 849 3645 quoque
873 3558 1002 3626 aliunde
1027 3568 1077 3625 sat
1099 3570 1172 3626 nota
1196 3569 1282 3625 sunt.
1314 3559 1479 3626 Nobilissi-

290 3682 365 3728 1nus
389 3662 582 3728 athletarum
618 3671 665 3729 est
700 3664 909 3743 Πουλυδιίμας
931 3667 1038 3731 Νικίου
1060 3674 1282 3743 Σκοτουσαῖος,
1308 3664 1371 3730 vid.
1399 3665 1479 3732 Pau·

290 3770 414 3834 saniam
446 3768 500 3835 Vl.
538 3790 566 3834 v.
603 3777 631 3834 1.
666 3778 697 3835 et
731 3770 799 3836 Vll.
824 3791 920 3835 xxvtr.
954 3775 985 3836 6.
1043 3769 1220 3836 Scholiasta
1255 3769 1397 3836 Platonis
1438 3769 1480 3836 ad

291 3874 405 3959 Retnp.
425 3875 448 3939 l.
482 3895 513 3960 p.
533 3880 609 3941 558.
635 3897 672 3941 e:
697 3875 887 3956 Πολυδιίμας
911 3916 954 3927 -
979 3877 1221 3958 παγκρατιαςης
1245 3875 1480 3958 ὑπερμεγέθης,

292 3976 322 4054 ὃς
348 3980 378 4045 ἕν
402 3978 534 4059 Πέρσαις
558 3986 631 4063 παρ’
651 3984 754 4065 ’Ὤχῳ
782 3983 945 4062 γενόμενος
976 3985 1017 4066 τῷ
1049 3985 1183 4063 βασιλεῖ
1212 3983 1340 4059 λέοντας
1374 3986 1481 4051 οὶνείλε

291 4084 345 4151 καί
369 4085 579 4164 ῶπλισμὲνους
603 4091 721 4167 γυμνὸς
746 4089 994 4166 κατηγωνίσατο.
1042 4090 1210 4176 Descripta
1238 4088 1316 4155 haec
1340 4097 1416 4156 sunt
1440 4088 1480 4155 atl

291 4188 426 4255 verbum
451 4210 489 4256 ex
511 4191 640 4258 Eusebii
664 4191 831 4258 Chronicis
864 4215 935 4280 pag.
960 4202 1013 4260 41.
1047 4195 1087 4260 ad
1112 4195 1333 4284 Olympiadem
1358 4195 1481 4262 XGlll:

294 4296 404 4386 (ε’νίκα)
431 4298 625 4380 παγκροίτιον
651 4299 842 4379 Πολυδιίμας
868 4310 1093 4375 Σκοτουσσαίος
1118 4301 1398 4385 ὑπερμεγέθης-
1422 4325 1480 4368 κοι-

291 4406 497 4484 σηγανίσασο.
522 4403 571 4480 ίςη
596 4405 627 4471 δὲ
656 4405 708 4471 καί
734 4403 865 4488 ῶρματα
900 4406 1091 4487 ἐλαυνόμενα
1127 4408 1213 4474 κατῶ
1247 4406 1370 4490 κρῶσος.
1418 4405 1481 4473 Sed

294 4510 414 4576 mirum
439 4509 557 4576 accidit
581 4511 738 4597 quornodo
764 4510 952 4600 Polydamas
977 4517 1118 4599 potuerit
1144 4514 1312 4580 victoriam
1338 4510 1483 4601 Olympi·
