3270 5190
804 422 845 484 ⁶29

228 599 350 666 dieitur
382 616 460 682 quoe
493 594 621 662 vatillo
649 602 767 661 tooente
790 594 967 681 intelliqere
989 595 1154 661 debuisset.
1201 596 1304 664 Satin'
1330 618 1416 664 nilne

226 701 433 770 manifestum
460 708 510 766 est
533 698 748 782 γυμνάζεσθαι
782 720 838 786 pro
861 701 1045 778 γιγνώσκειν
1072 720 1141 766 esse
1176 701 1289 789 Mynae
1313 701 1416 768 hallu·

225 808 366 875 einanlis
390 805 677 892 supplementum?
703 814 735 871 et
760 804 837 890 quid
860 804 959 870 iacias
990 806 1085 871 islins
1110 827 1189 872 novo
1213 817 1416 886 commento,

223 913 309 999 quod
333 911 434 978 edidit
460 912 548 997 ipse:
572 912 714 995 άννιιτίρ
734 914 766 977 ού
792 911 1007 992 προειπόντοςί
1041 910 1101 977 Sed
1126 920 1162 977 ut
1186 913 1216 976 in
1243 933 1276 978 se
1296 913 1417 999 perspi-

221 1039 286 1085 oua
310 1017 446 1084 verbum
472 1038 535 1082 non
559 1018 698 1104 amplius
722 1016 814 1082 addo.

267 1126 314 1192 Ea
338 1145 420 1211 quae
449 1125 602 1190 continuo
626 1132 808 1209 sequantui·
831 1142 930 1189 sensu
954 1121 1047 1208 plane
1078 1140 1169 1186 cassa
1201 1127 1289 1186 sunt.
1340 1122 1417 1187 Per·

221 1229 304 1296 didit
336 1249 464 1316 operam
496 1229 610 1295 Editor
641 1249 741 1314 quum
769 1248 826 1313 pro
855 1228 1042 1303 ἀδιανοήτως
1078 1226 1183 1292 hisee:
1217 1227 1415 1300 ἀπαιδεύτοις

220 1341 342 1415 γυμνοῦ
375 1335 489 1416 μετρίῳ
512 1335 602 1400 πάύει
636 1334 825 1399 substituit:
857 1333 1057 1405 ἀπαιδεύτοις
1086 1337 1205 1410 γυμνοῦ
1235 1335 1268 1398 ού
1302 1333 1415 1413 μέτρια

221 1441 306 1516 πάύν
340 1460 376 1506 ao
411 1439 495 1503 bona
528 1438 589 1503 lide
625 1437 763 1504 eredidit
799 1438 860 1503 ista
894 1437 1095 1522 significare:
1135 1437 1219 1503 »dos
1251 1437 1416 1502 aecidents

223 1565 339 1630 graves
364 1550 505 1629 penvent
532 1541 613 1608 dono
637 1563 675 1608 en
702 1542 840 1608 resultet·
864 1563 921 1628 par
942 1541 973 1607 la
996 1540 1082 1607 laute
1117 1541 1187 1630 [des
1212 1543 1411 1631 gymnasles]

225 1647 517 1732 inexpenmemes,
549 1655 581 1712 et
613 1649 667 1734 qui
693 1670 732 1713 ne
755 1659 823 1714 sont
845 1670 907 1733 pos
931 1647 1075 1732 capellos
1102 1648 1141 1712 de
1166 1651 1359 1712 reeonnoltte
1384 1648 1415 1712 lo

225 1754 336 1818 ναίοιιν
358 1753 434 1817 d'on
460 1753 574 1818 otltlete
607 1754 687 1818 ou.'’
735 1753 890 1839 Pleraque
923 1752 1019 1830 haeo,
1055 1760 1091 1817 ut
1115 1752 1225 1826 vides,
1253 1752 1291 1817 de
1315 1753 1415 1819 nihilo

226 1857 303 1924 fieta
337 1864 469 1923 suntet
503 1857 549 1923 vel
574 1859 620 1922 sio
655 1858 962 1934 ῑοῐοοοάδιανύντα.
1012 1858 1074 1924 Sed
1100 1867 1266 1943 praetereo
1289 1856 1413 1924 locum:

221 1962 320 2037 πολύς
344 1962 407 2043 γάρ
431 1964 503 2032 ε’ςιν.

267 2068 302 2132 ln
327 2068 444 2132 vioinia
470 2068 622 2153 leguntur
648 2069 802 2136 nonnulla
828 2090 910 2156 quae
933 2069 1190 2136 emendationem
1216 2068 1413 2148 admittunt,

221 2173 373 2258 qnoniam
404 2172 517 2260 lllynas
545 2175 578 2238 in
608 2176 745 2260 singulis
770 2183 897 2241 lantum
922 2175 1086 2241 vocabulis
1108 2175 1252 2260 impegil.
1301 2175 1414 2260 ltaque

220 2298 304 2364 quae
334 2297 413 2342 sana
440 2279 579 2344 suntad
604 2279 804 2346 emendanda
835 2281 949 2346 villosa
981 2279 1083 2346 lacem
1110 2279 1307 2366 praeierunt.
1357 2281 1412 2346 Le·

220 2383 362 2468 gendum
388 2392 459 2461 est,
491 2393 527 2450 ut
555 2406 654 2472 supra
680 2385 905 2463 ostendimus,
942 2407 973 2473 p.
996 2390 1058 2462 92,
1085 2391 1143 2452 lt:
1168 2388 1194 2451 oi
1217 2387 1249 2451 δὲ
1272 2385 1411 2466 άτπαζύ-

219 2513 308 2570 μενοι
330 2491 394 2563 ’τάς
425 2488 578 2571 τετράδας
605 2493 638 2557 τί
659 2493 828 2574 χρήσονται
851 2496 965 2566 αὐταῖς
987 2494 1018 2564 ἐς
1054 2492 1281 2570 Ὀλυμπίαν
1310 2492 1411 2570 ήαον-

219 2617 293 2670 τες;
326 2594 448 2661 Deinde
472 2598 516 2660 ila
542 2599 667 2682 pergil:
693 2600 765 2679 παρ’
800 2593 842 2672 οἷς
867 2598 945 2672 κύνις
980 2601 1038 2678 μὲν
1062 2599 1168 2664 ὁποίαν
1196 2597 1323 2678 είρήκοι,
1354 2622 1410 2676 γυ·

220 2700 342 2780 μνάοιοο
377 2701 409 2767 δὲ
442 2702 715 2783 προστεταγμένα.
767 2702 923 2785 Γυμνάζει
958 2705 990 2770 δὲ
1013 2705 1027 2768 ὁ
1052 2705 1269 2778 Ἑλλανοδίκης
1301 2705 1333 2767 ού
1369 2712 1408 2785 τῇ

222 2808 378 2888 προρρήσει
402 2810 478 2872 ἀλλ’
502 2808 776 2889 ἕτετχεδιατμὲνα
807 2808 915 2874 πάντα
940 2811 982 2890 τῷ
1012 2811 1103 2890 καιρῷ
1128 2809 1264 2887 μάςιγος
1288 2809 1340 2873 καί
1366 2809 1408 2888 τῷ

222 2922 370 2995 ρυμναςή
394 2913 630 2994 άτήρτήμέννς,
662 2911 697 2979 ἵν’
731 2912 760 2978 εί
787 2936 817 2978 τι
851 2915 1096 2994 παρακελεύοντι
1128 2912 1306 2994 πράττοιτο.
1354 2923 1409 2978 Κε·

223 3016 346 3082 λούουσι
368 3017 405 3108 δὲ
422 3019 650 3100 άπαροιίτιρτοο,
681 3021 719 3091 ὡς
744 3018 1005 3099 παραιτουμένους
1032 3022 1136 3083 ταῦτα
1165 3015 1278 3097 ἕτοιμοι
1314 3020 1432 3110 duod-⁸

222 3121 299 3188 πίιον
318 3119 483 3202 εἴργεσθαι.
532 3124 617 3190 Ηοου
640 3123 749 3194 omma
773 3132 860 3189 neele
884 3130 916 3189 et
939 3123 1050 3189 ordine
1079 3124 1257 3209 procedunt
1281 3133 1409 3210 praeter

220 3225 358 3306 ultima,
392 3247 474 3314 quae
504 3229 667 3316 lnlenpnes
689 3229 734 3294 sio
767 3230 907 3315 aceepit:
941 3228 1220 3314 »L'hellenodique
1244 3229 1333 3314 regle
1364 3228 1409 3295 les

219 3333 383 3399 exeroioes
405 3371 508 3384 --
532 3355 565 3401 sa
586 3355 682 3420 vergo
705 3341 753 3402 est
776 3336 883 3401 meme
906 3335 1079 3421 suspendoe
1102 3357 1156 3400 sur
1176 3336 1205 3400 le
1226 3346 1406 3422 ρρριιιιοοοοο,

220 3436 285 3503 afin
317 3437 396 3523 qu’il
428 3443 514 3526 fosse
545 3461 582 3506 oe
613 3441 668 3526 qui
699 3449 748 3506 est
775 3441 946 3527 pre'sorit.’'
993 3442 1084 3506 Fecit
1118 3439 1202 3526 quod
1235 3442 1339 3526 potuit
1371 3449 1408 3507 ul

219 3543 439 3623 denordestune
472 3545 629 3612 redderet.
677 3546 790 3631 ltaque
822 3554 858 3612 ut
890 3545 1031 3611 Damooli
1062 3545 1212 3631 gladius,
1246 3548 1292 3611 sio
1316 3566 1407 3633 gym-

220 3655 333 3714 nastae
374 3650 539 3716 imminere
583 3659 737 3717 narratur
771 3655 788 3728 ή
831 3656 884 3719 τού
918 3654 1131 3727 Ἑλλήνοδίκον
1171 3650 1282 3730 μάςιξ.
1337 3652 1408 3716 Noli

221 3753 398 3839 quidquam
418 3754 535 3822 honum
560 3757 712 3834 eredere,
737 3759 793 3824 sed
820 3779 936 3844 repone
958 3758 1094 3837 μάςινος
1118 3758 1170 3822 καὶ
1194 3760 1235 3837 τῷ
1258 3766 1406 3839 νυμνατή

220 3862 547 3941 παρήρτνμὲνής.
602 3862 683 3928 Noto
713 3884 773 3930 usu
814 3863 971 3949 quidquid
1003 3885 1020 3929 e
1050 3861 1180 3948 cingulo
1213 3883 1406 3948 suspensum

220 3971 268 4029 est
302 3964 424 4031 dicitur
453 3969 686 4048 παρήρτήοάαι,
715 3969 905 4055 'saepissime
933 3969 967 4034 τὸ
997 3967 1087 4050 ξίφος
1119 3969 1170 4032 καί
1196 3972 1213 4046 ή
1243 3968 1403 4051 μάχαιρα.

221 4067 273 4133 Sia
308 4070 410 4155 igitur
447 4075 630 4160 gymnasiis
664 4073 830 4162 Olympiae
865 4073 967 4153 μάςιξ
1002 4077 1187 4157 παρήρτητο.
1247 4075 1312 4139 Non
1344 4076 1406 4161 ipsi

219 4174 305 4240 enim
324 4176 534 4262 ooptdolmnt,
559 4177 612 4243 sed
636 4180 753 4246 athleta
779 4178 952 4264 indiligens
972 4189 1027 4245 aut
1058 4201 1118 4246 non
1142 4181 1220 4244 satis
1244 4180 1330 4244 diolo
1351 4200 1404 4244 au·

205 4268 321 4346 diens.
370 4281 473 4348 Simul
505 4284 697 4368 inlelligitun
726 4284 853 4351 verbis:
891 4285 972 4350 »alin
1001 4286 1096 4372 qu’ils
1125 4283 1247 4349 lassent
1281 4304 1317 4348 oe
1349 4284 1405 4369 qni

219 4393 266 4451 esl
292 4388 464 4473 presorit''
498 4388 579 4453 nihil
614 4409 683 4455 esse
718 4392 749 4457 in
783 4391 913 4458 Graecis
949 4391 1064 4456 simile.
1112 4388 1180 4454 Nisi
1204 4386 1285 4452 lonlo
1320 4386 1406 4453 lubet

219 4491 351 4559 credone
374 4490 423 4559 ίνα
445 4493 612 4578 πράττοιτο
637 4496 747 4564 eodem
781 4518 877 4565 sensu
908 4495 971 4564 diei
1002 4505 1098 4582 atqne
1122 4491 1170 4560 ίνα
1199 4493 1348 4575 πράττοι,
1373 4504 1405 4562 ot
