3270 5190
792 459 834 521 bb

218 637 249 704 bi
275 636 374 713 solet,
398 630 609 699 describentis
640 630 740 695 aciem
775 629 895 715 fugisse
929 628 1089 695 videntur.

263 743 299 807 ln
325 742 364 805 iis
392 758 474 825 quae
499 735 713 802 Philostratus
738 735 851 800 scribit
888 755 917 820 p.
942 737 985 799 20
1009 755 1080 820 sqq.
1107 732 1186 798 nibil
1210 742 1257 799 est
1282 731 1320 798 de
1344 748 1407 816 quo

169 832 171 836 Α
219 866 280 912 non
317 844 397 910 satis
432 841 561 908 aliunde
593 839 771 907 constabat.
830 838 988 905 Eusebius
1020 841 1050 904 ἐν
1087 849 1151 910 τοῖς
1188 847 1336 919 Χρονικοῖς
1369 855 1409 901 ex

217 950 369 1017 Alrioano
397 955 428 1013 et
459 946 633 1013 Pausanias
660 944 737 1010 liaeo
767 947 875 1010 omnia
901 943 1001 1009 multo
1025 943 1213 1028 diligentius
1239 952 1270 1009 et
1304 943 1408 1027 eopio-

218 1057 287 1121 sius
312 1053 485 1119 memoriae
506 1048 726 1137 prodiderunt.
776 1050 881 1115 Unum
911 1058 1035 1115 tantum
1063 1069 1178 1113 riomen
1202 1047 1287 1133 apud
1311 1047 1409 1111 Euse-

218 1159 307 1225 bium
342 1159 455 1225 leviter
488 1163 676 1241 corruptum
709 1154 872 1221 emendari
899 1163 1002 1239 potest
1033 1175 1071 1220 ex
1102 1154 1153 1220 bis
1189 1152 1409 1218 Plrilostrateis

220 1286 252 1352 p.
275 1269 339 1342 λθ,
365 1270 405 1329 5:
442 1261 475 1339 ἦν
505 1263 562 1342 μὲν
594 1262 656 1342 γάρ
681 1261 724 1326 τά
756 1257 859 1324 πάλοοι
888 1260 1028 1337 ὀλύμπιον
1060 1259 1102 1330 εἰς
1136 1261 1191 1333 την
1223 1260 1325 1339 τρίτην
1358 1258 1408 1322 ἐπὶ

218 1371 292 1438 atae
317 1369 498 1449 άλυμπιάδοι
520 1365 625 1437 corbion
649 1366 757 1443 μάνου,
782 1363 835 1440 κοά
864 1364 965 1429 ε’νΙκιου
988 1366 1017 1429 ἕν
1040 1365 1146 1437 κάτοῖς
1168 1367 1283 1428 Ἠλεῖοι
1307 1361 1409 1443 τρεῖς,

219 1476 303 1543 ἑπτά
335 1475 527 1549 Μεσσήνιοι,
557 1469 724 1550 Κορίνθιος,
754 1474 914 1546 Δυμκῖος,
952 1478 1146 1548 Κλειονοιῖος,
1183 1467 1280 1542 άλλος
1307 1466 1409 1543 άλλην

220 1578 423 1658 ὀλυμπιάδος,
458 1575 508 1642 δύο
540 1576 571 1640 δὲ
601 1573 695 1645 οὐδεὶς
726 1572 869 1645 άοιάτάς.
919 1573 1040 1638 Horum
1074 1575 1219 1639 omnium
1254 1575 1409 1640 memoria

220 1690 348 1750 servata
378 1688 427 1746 est
462 1679 546 1765 apud
576 1677 763 1743 Eusebium.
812 1678 926 1744 Ἠλεῖοι
950 1687 1031 1760 τρεῖς
1057 1688 1132 1744 sunt
1156 1680 1317 1760 Κόροιβος,
1340 1685 1409 1745 Ἀν-

220 1791 381 1869 τίμονχος,
416 1786 586 1866 Αἰσχίνης,
622 1783 678 1868 qui
712 1783 861 1846 vicerunt
899 1780 1024 1870 Olymp.
1049 1784 1084 1862 Ι,
1109 1784 1138 1850 ΙΙ
1161 1794 1193 1850 et
1219 1785 1254 1851 V.
1303 1787 1410 1851 Ἑπτά

220 1895 387 1967 Μεσσήνιοι
421 1889 622 1975 appellantur
650 1888 853 1969 Ἄνδροκλος,
888 1889 1077 1971 Πολυχάρης
1102 1891 1156 1978 ¹),
1190 1901 1324 1965 Διοκλῆς
1354 1889 1409 1979 ²),

222 1998 408 2072 Ἀντικλῆς,
439 2003 608 2070 Ξενοκλῆς,
643 1993 814 2069 Δοιτάδης,
848 1993 1044 2075 Λεωχάρης,
1079 1995 1218 2060 viatores
1249 1995 1410 2084 Olympia·

221 2101 297 2167 dum
323 2099 385 2176 ΙΙΙ,
409 2098 473 2176 IV,
498 2099 578 2174 Vll,
603 2098 696 2175 Vlll‚
729 2098 795 2173 lx,
828 2099 856 2164 Χ
885 2106 917 2164 et
949 2099 1003 2164 ΙΙΙ.
1059 2099 1148 2164 Unus
1183 2109 1231 2165 est
1265 2102 1409 2182 Rapiatur

221 2207 276 2292 qui
302 2202 491 2292 Olympiade
504 2204 588 2269 Xlll.
614 2204 690 2268 vicit
712 2211 866 2279 Διοκλῆς,
893 2223 978 2268 unus
996 2212 1137 2282 Δνμοιῖος
1159 2205 1262 2270 vietor
1284 2204 1410 2293 Olymp.

220 2311 274 2377 VI.
312 2311 482 2390 Οἰβώτας,
514 2307 553 2374 de
576 2327 638 2394 quo
663 2305 736 2372 vide
764 2308 960 2395 Pausaniam
987 2309 1036 2374 Vl.
1062 2329 1106 2374 111.
1132 2313 1152 2374 8
1184 2317 1216 2376 et
1240 2310 1308 2376 Vll.
1334 2331 1410 2376 xvu.

220 2421 376 2482 6et15.
435 2412 589 2497 Superest
625 2413 728 2478 vietor
765 2411 966 2501 Olympiadis
993 2415 1072 2492 ΧΙΙ,
1109 2415 1164 2500 qui
1200 2414 1239 2479 ab
1272 2415 1411 2481 Eusebio

220 2518 387 2597 ὀξύθεμις
412 2525 576 2600 Κορονοιῖος
599 2517 800 2604 appellatur,
825 2517 880 2583 sed
901 2539 967 2588 non,
982 2519 1144 2585 dubitabis
1168 2521 1245 2606 quin
1267 2521 1321 2587 ille
1343 2523 1412 2608 ipse

222 2627 265 2692 sit
288 2627 301 2690 ὁ
324 2633 517 2700 Κλεωνονῖος,
542 2643 638 2708 quem
661 2623 925 2690 commemoravit
948 2624 1172 2691 Philostratus.

268 2728 357 2811 Quod
391 2736 501 2793 narrat
531 2725 680 2813 Sophista
714 2749 743 2814 p.
769 2732 832 2805 λθ,
859 2734 910 2794 17.
945 2728 991 2795 άτι
1023 2730 1156 2812 κράτιςοο
1187 2733 1201 2796 ο“
1239 2741 1411 2814 Σμυρνοιῖος

223 2838 399 2914 Ὀνομοιςος
424 2834 602 2906 πυκτεάποις
627 2834 865 2906 ε’νάκηοε-κοά
890 2835 996 2912 νόμους
1021 2835 1142 2918 ἔγρκψε
1160 2875 1194 2886 -
1222 2839 1409 2914 πυκτικοάς,

215 2941 275 3026 κκΙ
303 2942 356 3006 οὐκ
380 2941 508 3019 ἤχθοντο
537 2940 563 3003 οἱ
588 2937 736 3019 Ἀρκάδες
759 2940 785 3003 εἶ
815 2939 922 3017 νόμους
952 2939 1073 3021 ἔκρυψέ
1100 2941 1147 3012 τις
1180 2943 1285 3015 adroic
1309 2982 1355 2995 —
1377 2944 1413 3021 ἐξ

222 3046 338 3119 Ἰοιυίοος
364 3046 454 3110 ἐλθὼν
478 3051 534 3119 τῆς
564 3043 690 3125 appas,
716 3043 970 3128 colrrponendum
995 3054 1043 3110 est
1068 3065 1141 3110 oum
1168 3045 1299 3112 Eusebii
1323 3051 1412 3113 testi·

224 3152 333 3216 monio
365 3148 403 3214 ad
438 3146 616 3236 Olynrpiad.
643 3148 756 3214 XXlll.
790 3150 995 3214 annotandis:
1028 3151 1196 3232 Προοετέάη
1224 3155 1337 3231 πυνμη
1359 3155 1412 3220 uei

223 3256 399 3334 Ὀνάμοοςος
434 3261 605 3334 Σμυρνοοῖος
635 3255 721 3320 ἐοίκοι
751 3254 840 3320 inari
868 3264 906 3337 τῇ
937 3255 1182 3338 propitiusve
1215 3259 1355 3336 άὲμενος,
1382 3267 1414 3325 et

224 3361 403 3426 Pausaniae
431 3361 466 3423 V.
492 3379 559 3424 vin.
586 3365 615 3424 7.
664 3358 838 3438 Ὀνάμκςος
869 3360 900 3424 δὲ
932 3361 1067 3435 ἐνίκησεν
1098 3364 1132 3427 ἐκ
1165 3364 1306 3444 Σμύρνης
1344 3391 1413 3430 συν-

224 3466 374 3540 τελούσης
398 3466 647 3541 taurustaurus
671 3466 701 3537 ἐς
722 3467 843 3547 ’Ίῳνοος
893 3465 1004 3549 ltaque
1031 3467 1114 3550 quod
1140 3467 1253 3533 scribit
1276 3468 1414 3533 Herodo-

225 3578 280 3636 tus
300 3570 325 3635 Ι.
355 3575 429 3636 150.
466 3568 505 3635 de
527 3568 666 3656 Smyrna
691 3567 731 3633 ab
754 3569 883 3634 Ionibus
911 3580 1066 3657 oeoupata
1094 3579 1168 3638 aute
1193 3591 1314 3639 annum
1337 3579 1412 3641 688.

223 3673 354 3742 accidit.

268 3987 295 4063 l)
317 3989 493 4060 Πολυχάρης
523 3987 691 4058 Μεσσήνιος
721 3991 756 4046 τά
779 4010 809 4047 κο
831 3990 906 4046 ἄλλοι
932 3990 987 4047 οὐκ
1015 3990 1124 4063 άφανὴς
1141 3996 1189 4049 καὶ
1210 3999 1292 4067 νίκην
1310 4001 1418 4072 ’Olop-

225 4069 331 4121 πίασνυ
360 4063 546 4140 ἀνῃρημένος.
576 4066 715 4138 τετάρτην
744 4067 926 4140 Ὀλυμπιάδα
952 4060 1019 4144 ἦγον
1044 4074 1162 4126 Ἠλεῖον
1191 4077 1240 4128 καὶ
1268 4072 1418 4150 ἀγώνισμα

226 4134 261 4214 ἢν
280 4141 386 4207 gudino
411 4150 504 4211 μονον
524 4142 574 4197 ὅτε
596 4141 613 4196 o‘
633 4145 806 4217 Πολυχάρης
823 4143 964 4215 ἐνίκησεν.
998 4146 1131 4207 Ρκιιοκιοίάο
1152 4159 1236 4211 1v.v.
1261 4163 1285 4210 5.
1327 4162 1417 4211 Notum

226 4235 267 4278 est
288 4244 380 4277 nomen
400 4229 477 4277 huius
498 4229 641 4292 Polycharis
662 4231 688 4277 in
709 4231 776 4279 bello
796 4232 948 4282 Messeniaeo
969 4237 1057 4300 primu.

270 4296 298 4376 2)
329 4309 425 4357 Vitiosa
455 4314 495 4357 est
514 4309 581 4373 apud
609 4310 745 4359 Eusebium
767 4311 899 4376 scriptura.
940 4315 1033 4364 Verum
1054 4333 1146 4365 nomen
1177 4321 1285 4370 servavit
1306 4321 1418 4384 Phlegon

228 4389 369 4438 Trallianus
390 4389 417 4436 in
435 4389 523 4452 fragm.
545 4390 640 4454 Olymp.
669 4381 779 4459 πρῷῑος
808 4381 834 4435 δ’
865 4379 1041 4456 ἒςεφανώθη
1074 4388 1204 4455 Δαϊκλῆς
1230 4389 1416 4460 Μεσσήνιος,

230 4458 262 4520 ὃς
290 4462 323 4529 τῇ
352 4456 463 4533 ἑβδόμῃ
495 4458 669 4531 Ὀλυμπιάδι
708 4457 813 4523 godeo»
843 4457 945 4531 ἕνίκα,
983 4472 1010 4521 in
1040 4474 1227 4522 Westermunni
1258 4477 1420 4541 Paradoxogr.
