3270 5190
796 399 837 461 le

229 574 448 660 Xenophontis
482 572 602 640 Hellen.
631 570 697 637 Vll.
724 576 755 636 l.
783 575 846 637 29:
872 569 903 643 ὃς
927 572 1014 653 παροδ
1038 572 1093 648 risu
1118 570 1248 650 ύλτνν
1275 575 1423 666 (Ἄλτιν)

228 680 400 761 καταρρέων
424 681 465 753 εἰς
491 681 542 745 τὸν
574 678 722 760 Ἀλφειὸν
754 675 923 756 ἐμβύλλει.
974 676 1146 763 Aliquanto
1169 682 1301 764 gravius
1336 684 1424 770 apud

227 785 402 851 Pindarum
428 784 553 874 Olymp.
579 784 633 850 Ill.
660 788 721 849 5οε

454 891 533 960 πιςοδ
559 889 687 972 φρονέων
713 889 785 961 Διὸς
810 886 913 953 αἴτει
940 887 1101 970 πανδόκῳ.

227 997 280 1060 oui
301 994 363 1059 viri
387 994 472 1060 docti
498 1016 594 1060 suum
612 997 725 1060 Ἄλτει
749 992 978 1069 reddiderunt,
1003 992 1074 1058 vide
1098 995 1196 1060 Koeu.
1222 995 1262 1060 ad
1285 997 1420 1084 Gregor.

226 1100 370 1166 Corinth.
403 1121 432 1186 p.
455 1104 532 1166 219.
560 1098 684 1165 Schael.
733 1098 845 1164 llelius
868 1099 965 1163 etiam
990 1098 1107 1164 latebat
1139 1100 1255 1166 vitium
1290 1101 1324 1165 in
1350 1103 1421 1167 Pin·

227 1203 298 1270 dari
323 1203 448 1292 olymp.
468 1206 522 1273 XI.
548 1211 611 1272 55:

362 1311 429 1392 περὶ
454 1313 485 1377 δὲ
509 1309 627 1388 πάξαις
647 1307 758 1375 “Aera
781 1310 838 1387 μὲν
864 1303 913 1386 ὅγ’
938 1309 968 1371 ἕν
991 1310 1111 1391 καθαρῷ
1136 1310 1269 1390 διέκρινε.

227 1436 326 1503 quum
359 1417 582 1483 Aristodemus
607 1425 701 1482 acute
732 1434 840 1480 veram
872 1413 1041 1480 lectionem
1060 1417 1175 1481 Ἄλτιν
1200 1416 1419 1500 excogitavit,

227 1542 323 1607 quam
348 1521 470 1588 frustra
495 1522 684 1608 obloquente
708 1519 845 1607 Didymo
878 1539 989 1585 omues
1018 1519 1182 1605 prohatam
1214 1529 1417 1606 receperunt.

282 1627 404 1714 Duplex
431 1629 548 1693 vilium
585 1629 616 1691 in
655 1626 754 1691 simili
783 1625 943 1691 scribendi
976 1644 1093 1710 genere
1126 1627 1333 1691 commissum
1372 1636 1419 1693 est

228 1754 258 1819 p.
280 1737 343 1810 λθ,
369 1737 408 1798 6:
445 1731 478 1810 ἦν
513 1735 570 1812 μὲν
599 1733 662 1814 peip
692 1732 734 1798 τοὶ
763 1731 866 1796 πύλαι
900 1730 1042 1808 έλύμπια
1075 1732 1117 1804 εἷς
1142 1733 1197 1807 τὴν
1228 1731 1333 1812 τρίτην
1367 1731 1417 1796 ἐπὶ

227 1837 302 1903 δέκα
327 1838 577 1917 ὀλυμπιάδας
611 1839 716 1908 ςαδίου
744 1838 857 1916 μύνου,
886 1835 939 1900 uhi
964 1835 1118 1901 emenda:
1151 1836 1355 1916 έλυμπιοέδα,
1387 1845 1416 1902 el

227 1945 289 2020 20,
308 1945 367 2009 15:
393 1947 409 2021 ἡ
431 1945 521 2022 ύγδύκ
545 1945 596 2009 ἐπὶ
620 1943 695 2008 δέκα
717 1941 961 2021 έλυμπιούσιν.
987 1942 1071 2007 ἐνίκα
1096 1941 1128 2007 δέ
1149 1943 1214 2006 κτὲ.
1240 1942 1297 2007 uhi
1323 1945 1417 2022 έλυμ·

226 2047 302 2122 πιές
328 2050 566 2135 corrigendum.
615 2049 677 2114 Res
702 2048 871 2113 manifesta
891 2056 961 2124 est,
995 2057 1026 2112 et
1050 2047 1103 2110 vix
1137 2046 1249 2112 dubito
1281 2048 1359 2134 quin
1385 2049 1417 2113 in

227 2153 340 2220 Codice
365 2156 430 2221 sint
454 2157 642 2223 emendatae
667 2155 830 2220 lectiones

272 2259 308 2324 In
340 2261 457 2326 vicinia
486 2282 602 2327 novum
637 2259 788 2326 mendum
815 2258 1034 2344 conspicitur,
1060 2257 1144 2344 quod
1168 2265 1199 2323 et
1222 2257 1327 2343 ipsum
1351 2258 1416 2347 lly-

227 2383 287 2429 nae
309 2366 537 2451 imputaverim
564 2387 593 2452 p.
619 2371 679 2443 20,
708 2371 763 2430 17:
789 2366 977 2445 κρατίςως
1003 2368 1018 2428 o‘
1046 2371 1217 2445 Σμυρναῖος
1242 2363 1416 2443 Ὀνόματος

225 2469 405 2543 πυκτεύωας
430 2471 585 2547 ἐνίκησεν,
620 2472 684 2534 imo
709 2490 782 2534 vero
816 2468 948 2549 κρύτιςα
974 2489 1011 2534 ex
1040 2479 1194 2556 perpetuo
1217 2471 1363 2537 omnium
1387 2479 1418 2536 et

226 2575 329 2660 ipsius
348 2575 534 2640 Philostrati
558 2574 707 2660 loquendi
733 2595 812 2649 uso,
837 2574 934 2638 veluti
971 2594 999 2659 p.
1026 2579 1064 2651 6,
1092 2580 1151 2641 17:
1181 2576 1338 2653 Τελαμὼν
1361 2577 1418 2655 μὲν

226 2679 406 2760 κρύτιςα
430 2681 600 2761 ἐδίσκευεν,
623 2688 654 2746 et
680 2701 707 2766 p.
722 2685 786 2757 90,
804 2684 862 2744 19;
888 2678 1008 2760 ύριςα
1033 2682 1330 2760 αγωνισοέμενος,οῑ
1350 2700 1417 2766 pas·

226 2787 298 2850 sim.
347 2785 505 2853 Adverhia
538 2789 569 2851 in
603 2787 730 2868 -τέρως,
761 2785 903 2864 -τύτως,
927 2786 1032 2864 -ύνως,
1057 2787 1141 2859 -ι’ςως
1176 2787 1310 2852 Veteres
1343 2806 1415 2852 cum

225 2890 331 2957 verhis
356 2891 439 2974 ἔχειν
464 2903 496 2959 et
520 2893 709 2973 διακεῖσθαι,
734 2894 815 2960 etsi
841 2913 903 2977 qua
926 2892 988 2957 alia
1016 2900 1132 2956 stolum
1157 2901 1188 2958 et
1211 2893 1417 2957 conditionem

225 2996 401 3076 denotant,
428 3000 623 3084 coniungere
647 2999 771 3076 sol-eut,
796 3019 857 3062 unu
883 2996 936 3062 uhi
965 2998 1092 3062 modum
1113 3018 1150 3062 ac
1173 2998 1326 3063 rationem
1355 2999 1415 3084 sig·

227 3101 381 3178 uideant,
420 3111 455 3167 ut
481 3106 512 3167 in
538 3105 723 3182 πυκτεύειν,
755 3104 920 3179 παλαίειν,
954 3105 1123 3180 δισκεύειν,
1159 3103 1364 3184 αγανίζεσύοοο
1385 3111 1415 3169 el

225 3208 299 3272 sim.
350 3209 516 3274 Praeterea
542 3208 775 3274 observandum
801 3210 1004 3292 οοιιιρκινοοιίνΙ
1036 3208 1155 3273 lormas
1189 3210 1220 3272 in
1252 3210 1360 3290 -τέρως
1384 3218 1414 3274 et

224 3311 311 3385 -ύνως
344 3311 428 3397 apud
463 3314 620 3398 optimum
647 3333 807 3398 quemque
832 3314 1019 3398 scriptorem
1053 3314 1198 3379 Atticum
1231 3314 1415 3401 frequenter

224 3437 407 3484 occurrere.
457 3419 620 3485 Platonica
657 3418 812 3506 quaedam
846 3421 1006 3504 congessit
1038 3418 1226 3485 Stallhaum.
1247 3419 1301 3484 >ad
1334 3419 1411 3485 Plat.

224 3523 301 3609 hep.
323 3523 346 3588 Ι.
372 3545 402 3609 p.
425 3527 500 3588 545.
520 3524 556 3588 Ε.
583 3524 636 3589 ubi
662 3524 782 3610 legitur
801 3524 843 3590 τοὶ
868 3527 965 3590 οἰκεῖα
988 3524 1294 3606 μοχθηροτέρως
1318 3523 1410 3606 ἔχειν.

223 3631 383 3694 Acervum
417 3628 529 3694 talium
564 3632 744 3696 construxit
778 3631 931 3695 Matthiae
962 3631 995 3694 iu
1024 3629 1167 3695 Granun.
1204 3627 1258 3694 Gr.
1296 3631 1410 3714 §262

223 3731 498 3819 Superlativorom
525 3735 712 3800 rarissimus
738 3755 816 3800 usus
841 3742 907 3812 est,
931 3755 1067 3820 quorum
1099 3735 1149 3799 vix
1182 3735 1243 3798 tria
1269 3732 1411 3820 exempla

222 3837 374 3903 Matthiae
406 3838 426 3902 l.
450 3838 470 3903 l.
505 3840 712 3925 conquisivit.
769 3840 952 3922 Κρεισσένως
984 3839 1118 3904 allertur
1149 3858 1187 3903 ox
1215 3839 1410 3926 Antiphoute

220 3963 252 4027 p.
279 3945 365 4017 128,
391 3948 452 4008 58:
485 3945 720 4024 κρειττόνως
756 3946 887 4025 ἠμύνετο
920 3949 936 4023 ἢ
971 3944 1137 4026 ἔπασχεν,
1173 3944 1228 4010 sed
1260 3946 1408 4027 apericus

222 4048 276 4134 qui
302 4047 418 4114 dixerit
445 4048 595 4134 equidem
620 4052 692 4115 novi
716 4053 888 4118 neminem.

266 4152 390 4219 Omissa
415 4161 464 4219 est
489 4158 669 4221 necessaria
705 4157 818 4244 copula
842 4179 871 4243 p.
894 4163 958 4232 20,
985 4162 1045 4224 18:
1080 4156 1191 4222 ὁπόσαι
1216 4155 1279 4239 γαρ
1304 4156 1408 4228 πόλεις

219 4262 336 4328 ἰωνικαί
358 4262 467 4328 τεκαὶ
501 4263 659 4341 λύδιοι,
684 4261 753 4330 ύσαι
782 4266 850 4329 καθ’
874 4264 1104 4339 Ἑλλήσποντον
1128 4289 1163 4328 τε
1194 4263 1246 4328 καὶ
1273 4262 1408 4345 Φρυγίαν

218 4367 270 4432 καὶ
296 4367 395 4433 ὃπύσα
420 4367 484 4443 idve
510 4370 668 4451 οένύρύπων
693 4371 723 4435 ἐν
746 4370 839 4452 Ἀσέα
863 4368 959 4446 εἰσίν,
984 4362 1118 4436 emenda
1144 4376 1176 4435 et
1205 4367 1320 4456 supple
1347 4364 1407 4433 λύ-

218 4472 300 4537 διαι
327 4473 406 4561 (καὶ)
433 4475 587 4543 ύπύσαιΔ
608 4478 676 4542 καθ’
701 4477 940 4550 Ἑλλήσποντον.
