3270 5190
789 476 828 539 81

221 650 304 738 piad.
324 649 428 717 XCVI.
462 649 646 729 Εὐπόλεμος
671 653 791 724 Ἠλεῖος
814 646 937 726 ςιίδιον,
962 655 993 714 et
1011 649 1097 737 apud
1119 648 1311 717 Pausaniam
1330 642 1414 711 Vlll.

221 775 291 821 xcv.
316 762 346 820 4.
379 755 506 838 δευτέρῳ
530 753 590 822 ἔσει
621 763 677 830 τῆς
702 750 793 829 έκσκς
817 753 1074 833 καίένενκκοςῆς
1109 752 1348 836 Ὀλυμπιάδος,
1379 747 1414 824 ἣν

220 858 404 941 Εὐπόλεμος
434 862 555 933 Ἠλεῖος
587 859 673 925 ἐνίκα
697 857 810 928 ςοίδιον.
860 856 980 924 Vitiose
1012 858 1171 949 Diodorus
1205 856 1303 925 Sicul.
1327 853 1412 922 XIV.

222 969 285 1031 54:
321 964 505 1045 Ὀλυμπιὰς
529 966 555 1030 δ’
579 965 658 1048 ἤχίκ
683 964 841 1039 ένενκκοςίρ
858 963 909 1028 καί
937 959 1033 1041 ἕκτα,
1058 959 1092 1038 ἣν
1116 965 1203 1031 ε’νίκκ
1225 960 1413 1034 Εὐπολις

221 1072 364 1147 Ἠλεῖος,
397 1068 452 1135 sed
477 1065 658 1134 emendavit
686 1065 793 1132 locum
817 1065 1065 1152 Wesselingius.
1115 1065 1199 1133 Sunt
1230 1065 1310 1132 baec
1333 1063 1415 1131 anti·

223 1173 356 1260 quiora:
388 1172 591 1259 sequioribus
621 1169 821 1256 temporibus
845 1171 877 1235 in
902 1171 1037 1237 Graecia
1069 1170 1183 1238 elioeta
1215 1177 1248 1238 et
1279 1169 1417 1236 servitu·

222 1288 287 1345 tem
313 1277 471 1343 serviente
497 1277 626 1343 fraudes
646 1282 703 1341 τῶν
723 1276 947 1341 Ἑλλανοδικῶν
973 1275 1119 1341 crebrius
1141 1281 1306 1362 apparent.
1355 1273 1416 1340 Ad·

223 1383 454 1469 scriptumest
482 1384 512 1448 ἐν
536 1392 575 1466 πῇ
599 1383 773 1462 ἀναγραφῇ
797 1377 837 1444 ad
871 1377 1053 1468 Olympiad.
1073 1379 1175 1448 cciv.
1208 1399 1283 1446 ann.
1305 1384 1358 1445 57.
1383 1400 1416 1466 p.

223 1487 298 1553 chr.
324 1488 503 1573 imperante
528 1483 671 1551 Tiberio:
692 1481 738 1548 ἔπι
763 1506 818 1548 ποι
827 1507 873 1564 ρον
882 1486 907 1564 β
914 1485 992 1565 ραβ
1001 1485 1067 1551 ovd
1076 1511 1173 1552 νποιν
1206 1490 1265 1550 σύν
1287 1485 1416 1551 Ἠλείαν

225 1577 296 1666 τοὺς
319 1590 528 1671 δυναμένους,
563 1598 595 1656 et
617 1589 655 1655 ad
687 1586 867 1675 Olympiad.
888 1588 1063 1656 CCXXXll.
1090 1610 1164 1656 ann.
1186 1593 1259 1655 149.
1285 1608 1314 1674 p.
1340 1588 1417 1659 Chr.

225 1699 406 1784 imperante
430 1696 591 1761 Antonino
616 1694 691 1760 Pto:
718 1692 884 1775 Συκροὶπκς
916 1693 1021 1769 ποίλκν
1043 1694 1095 1760 καί
1121 1692 1315 1776 παγκροίσιον
1340 1696 1418 1761 ὐπο-

225 1801 430 1886 γραψοίμενος
455 1802 512 1868 ὐπὸ
536 1800 665 1866 Ἠλείαν
689 1798 929 1880 παρεβραβεύὐκ
963 1801 1020 1866 ὑπὸ
1046 1799 1204 1865 Διονυσίου
1229 1799 1417 1876 Σελευκέοις.

227 1907 313 1974 Satis
334 1905 504 1973 manilesta
527 1925 579 1972 res
600 1913 649 1970 est
674 1901 781 1968 velex
806 1903 876 1990 ipso
900 1903 997 1970 verbo
1023 1903 1301 1986 παραβραβεύειν,
1332 1904 1419 1990 quod

226 2018 276 2077 esi
298 2011 333 2076 σδ
356 2011 506 2091 βραβεῖον
533 2010 619 2091 παροδ
642 2011 678 2076 τὸ
708 2009 823 2076 δίκαιον
851 2009 962 2076 διδέναι
988 2012 1004 2088 ἢ
1025 2008 1247 2092 ἀφαιρεῖσθαι.
1285 2011 1419 2099 Turpis-

228 2117 347 2182 simum
375 2114 499 2182 lacinus
523 2122 593 2190 est,
619 2111 703 2199 quod
728 2111 952 2180 Hellanodieae
976 2114 1209 2181 commiserunt
1240 2117 1421 2204 imperante

229 2218 431 2306 Heliogabalo
453 2216 643 2306 Olympiade
656 2217 740 2282 Cdb.
767 2236 841 2281 ann.
866 2239 897 2304 p.
923 2218 995 2285 Chr.
1011 2223 1087 2284 Pht.
1113 2221 1207 2286 cuius
1230 2223 1419 2289 memoriam

230 2327 368 2391 servavit
393 2325 452 2390 llio
475 2324 605 2389 Cassius
629 2322 767 2388 LXXIX.
796 2326 856 2388 10:
883 2323 895 2387 ί
918 2324 949 2389 δὲ
977 2325 1333 2406 Σαρδανάπαλλος
1360 2328 1422 2417 (sic

139 2449 144 2458 ‘
230 2437 414 2518 portentum
441 2429 580 2495 hominis
605 2427 766 2516 appellare
799 2425 890 2516 solet)
924 2428 976 2493 noi
1001 2431 1126 2508 οἰνῶνας
1150 2431 1243 2500 ἐποίει
1272 2434 1324 2499 καὶ
1349 2432 1421 2508 θέας

230 2536 372 2618 συχνὰς,
397 2537 427 2601 ἕν
452 2531 501 2609 αἶς
523 2536 672 2616 Αὐρήλιος
698 2531 793 2610 Λίλιξ
816 2535 829 2598 ὅ
858 2535 994 2610 οίίλκπύρς
1018 2536 1237 2616 εὐδοκίμησεν,
1261 2535 1293 2613 ὃς
1316 2545 1422 2606 ποσοῦ-

216 2640 280 2709 ’σον
303 2642 373 2716 ποὺς
394 2641 614 2719 europenses
640 2641 784 2719 ὑπερῆρεν
805 2635 863 2709 οὐςε
891 2638 1025 2729 πσίλκν
1046 2639 1132 2722 ἅμα
1157 2642 1219 2710 καί
1241 2645 1422 2726 παγκροί·

230 2771 314 2812 τιον
346 2746 377 2810 έν
405 2754 444 2828 σῇ
468 2746 636 2829 Ὀλυμπία
668 2745 956 2822 οίγιννίσασίαι
988 2747 1131 2822 ε’ίελῆσοιι
1155 2749 1213 2813 κούν
1234 2757 1297 2821 σοῖς
1322 2759 1423 2815 Καπι-

230 2850 376 2923 παλιείοις
401 2849 454 2914 καί
473 2847 573 2930 ν’ίμφοι
599 2857 732 2924 νικῆσαι.
776 2851 816 2914 Oi
841 2850 897 2927 μὲν
921 2850 985 2931 pap
1001 2854 1116 2917 Ἠλεῖοι
1139 2853 1345 2934 Φίοννίσαντες
1368 2843 1423 2920 αὐ·

231 2959 273 3037 τῷ
297 2958 359 3033 μέν,
393 2955 620 3033 τὸλεγόμενον
645 2954 680 3029 δὴ
710 2957 821 3029 σούπο,
853 2955 914 3036 ἀφ’
939 2954 1123 3037 Ἡρακλέους
1157 2956 1261 3035 oyciac
1292 2958 1422 3038 γένκσοιι

232 3062 299 3127 οὐδὲ
323 3058 479 3126 ε’κοίλεσαν
504 3061 534 3132 ἐς
558 3059 593 3123 τὸ
617 3056 721 3127 ςοίδιον
745 3060 905 3135 παλαιςέρν
928 3059 1034 3126 οὐδένα
1055 3061 1166 3144 καίπερ
1189 3063 1220 3127 έν
1243 3066 1285 3147 σῷ
1309 3067 1423 3132 λευκώ-

232 3191 311 3244 μαπι
336 3162 389 3240 καί
413 3168 502 3230 σούπο
533 3164 567 3229 σύ
598 3161 728 3241 donnae
757 3163 1008 3246 προγροίψανσες.
1057 3165 1096 3230 lli
1129 3186 1256 3253 quoque
1277 3170 1424 3246 ἠδίκησαν

232 3273 284 3337 πδν
308 3269 391 3348 ξένον
417 3278 541 3334 tantum
569 3268 720 3334 honorem
746 3268 928 3337 invidentes
961 3270 1101 3338 Romano
1126 3270 1270 3353 homini,
1294 3275 1351 3361 qui
1375 3296 1426 3342 eo·

233 3377 306 3443 dem
342 3371 436 3440 modo
471 3382 568 3459 atque
600 3372 747 3440 Socrates
781 3376 839 3442 ὐπὸ
875 3383 933 3442 σῶν
965 3377 1093 3443 Ἠλείαν
1126 3380 1366 3460 παρεβραβεύὐκ
1394 3390 1428 3449 et

232 3483 320 3561 παροδ
339 3480 374 3547 σύ
399 3479 514 3545 δίκαιον
527 3484 580 3545 πού
598 3479 750 3561 βραβείου
772 3481 919 3565 ὐφρρέύκ.
954 3481 1020 3547 lloc
1044 3481 1148 3547 solum
1172 3481 1330 3569 flagitium
1354 3495 1427 3573 posi

234 3585 421 3652 Philostrati
442 3592 578 3649 mortem
602 3591 824 3670 perpetratum
845 3592 904 3650 est.
954 3584 1087 3672 Reliqua
1107 3594 1164 3653 aut
1188 3588 1348 3673 ignoravit
1370 3601 1428 3658 aut

235 3691 340 3755 sciens
365 3687 516 3775 neglexit.
566 3688 665 3755 Multo
697 3687 789 3775 plura
821 3688 1053 3786 eirrsdemmodi
1078 3691 1140 3777 ipsi
1172 3693 1312 3761 athletae
1345 3695 1429 3762 desi·
1519 3727 1520 3731 ¹

236 3801 439 3878 guaverunt,
463 3795 560 3860 etiam
587 3793 765 3883 Olympiae.
816 3793 916 3881 Saepe
950 3793 1038 3861 haus
1060 3804 1092 3862 et
1117 3795 1275 3884 flagitiosa
1299 3800 1427 3888 largitio

236 3899 393 3985 deprensa
416 3907 485 3976 est,
510 3901 638 3986 saepius
661 3896 822 3965 occultam
852 3897 952 3966 luisse
980 3900 1141 3988 probabile
1166 3914 1226 3970 est.
1274 3906 1428 3994 Exempla

237 4002 393 4091 quaedam
417 4001 609 4070 adscribam.
658 4002 852 4070 Plutarchus
878 4005 910 4070 in
935 4004 1083 4095 Lycurgo
1107 4027 1178 4095 cap.
1199 4013 1252 4075 hd.
1279 4010 1323 4077 ita
1348 4015 1427 4079 scri·

238 4105 302 4173 bit:
338 4104 420 4191 Φασί
451 4108 695 4189 Λακεδαιμόνιόν
730 4134 799 4176 τινα
832 4110 1005 4192 χρκμοίπαν
1040 4120 1161 4179 πολλῶν
1185 4116 1216 4180 ἐν
1239 4118 1428 4197 Ὀλυμπίοις

236 4212 394 4292 διδομένων
417 4213 502 4296 αὐτῷ
525 4215 569 4292 μέν
595 4213 761 4296 δεξοίμενον
789 4217 877 4283 οίλλόι
903 4218 1008 4298 πολλῷ
1033 4218 1113 4300 πόνῳ
1135 4224 1429 4290 κασαπαλαίσανποι

237 4319 289 4382 σὸν
313 4319 526 4396 οἱνποιγοινιςύρν
559 4317 596 4394 ὥς
627 4347 673 4396 τις
708 4318 793 4388 εἶπεν
817 4324 924 4404 αὐτῷ·
960 4322 993 4388 σί
1024 4346 1068 4388 σοι
1094 4322 1207 4401 πλέον,
1239 4322 1261 4390 ὦ
1293 4327 1430 4409 Λοίκυν,

237 4422 349 4502 γέγονε
385 4424 437 4490 διοδ
469 4433 524 4501 σῆς
558 4426 663 4503 νίκκςς
699 4426 799 4512 Φοίνικι
832 4425 1062 4508 μειδιοίσανσα·
1099 4429 1154 4510 πρδ
1189 4433 1243 4496 πού
1273 4430 1429 4509 βασιλέως

240 4529 433 4611 πεπαρμένος
458 4535 627 4614 μαχοῦμαι
652 4539 714 4605 σοῖς
750 4533 918 4616 πολεμίοις.
963 4529 1152 4622 Olympiade
1177 4533 1313 4603 XCVlll.
1352 4546 1432 4606 teste

1164 4645 1177 4685 o
