3270 5190
800 416 841 476 56

226 585 311 664 τωρίι
337 584 436 661 τολό,
466 585 549 670 (prod
582 587 613 650 in
640 594 810 671 utrarnquc
843 594 964 672 partein
993 587 1076 651 tralri
1109 594 1232 672 potest:
1265 589 1417 670 κρείττων

226 692 312 771 nepot
336 691 414 756 τολιί
439 698 468 755 et
491 692 576 772 τωρόο
602 694 681 758 πολὺ
701 690 808 766 ἥττων.

271 796 344 860 Post
370 816 468 880 pauca
494 817 539 860 rs
568 801 628 861 16:
653 796 780 869 λεόντοίς
810 821 844 861 τε
869 797 932 877 γὰρ
961 798 1069 876 βόσκει
1101 798 1152 862 nel
1178 803 1229 862 νῦν
1253 800 1415 878 φοινλοτὲ·

225 925 290 980 ρονς
315 901 417 966 οὐδέν·
443 908 500 965 τῶν
522 925 557 964 τε
582 909 673 964 κννῶν
696 901 748 965 nni
769 902 885 982 τοοόρων
907 904 1020 967 τωύτὸν
1046 911 1166 984 χρῆμα.
1200 901 1341 969 Retrahe
1366 902 1414 968 iu·

225 1006 324 1089 giliva
351 1005 464 1070 rerlra:
491 1005 697 1085 Φωνλοτίρονς
722 1007 803 1071 οὐδὲν
837 1007 905 1092 (τῶν
938 1006 1041 1093 τότε)·
1075 1013 1133 1071 τῶν
1161 1031 1196 1071 τε
1225 1008 1290 1073 κτὲ.
1329 1027 1413 1092 quae

225 1129 285 1174 cur
304 1110 480 1174 exciderint
502 1108 611 1186 rides,
635 1108 748 1175 deinde
772 1120 887 1191 σχῆμω
911 1111 1053 1176 rescribe
1079 1132 1133 1196 pro
1157 1113 1264 1196 inepto
1285 1121 1411 1193 χρημω.

270 1215 459 1299 Corruptanr
485 1213 652 1279 lectionem
684 1215 795 1280 Editor
822 1217 917 1280 etiarn
954 1218 1042 1300 peius
1073 1216 1216 1301 corrupit
1249 1236 1277 1301 p.
1301 1221 1344 1295 6,
1374 1226 1411 1282 1:

224 1321 363 1393 οὶθλητῶν
394 1321 424 1384 δὲ
459 1320 568 1384 ότόνοοι
602 1322 668 1401 περί
702 1322 813 1393 αὐτοὺς
838 1317 915 1395 θοόν
947 1344 1022 1384 τοτε
1056 1319 1164 1402 ciperani
1188 1323 1249 1402 οὐχ
1272 1323 1290 1396 η
1316 1321 1412 1403 Φύσις

224 1425 493 1506 ἀπηλέγχθη,
519 1463 564 1474 -
588 1427 623 1490 τὸ
654 1427 685 1491 δὲ
715 1428 759 1503 μη
796 1427 887 1503 ὑγιῶς
920 1424 1132 1506 ηνμνοίζενθιοι
1167 1427 1320 1508 νίφείλετο
1356 1427 1413 1500 την

223 1531 319 1610 φύσιν
343 1533 378 1595 τό
399 1534 510 1604 ἑωυτῆς
530 1528 649 1608 κρότος.
698 1532 734 1596 ln
755 1529 805 1594 bis
827 1530 976 1594 vitiosum
1002 1551 1071 1595 esse
1095 1530 1182 1596 rides
1205 1531 1409 1612 ἀπηλέγχθη.

225 1633 366 1699 Editoris
402 1634 479 1699 haec
514 1642 562 1698 est
595 1634 850 1699 correctiuncula
877 1634 1012 1699 calidius
1037 1642 1162 1721 recepta
1197 1655 1254 1721 pro
1285 1635 1410 1700 Codicis

224 1736 360 1803 lectione
384 1739 569 1819 ιίτηνίχθη,
601 1738 684 1804 uude
709 1738 795 1802 nullo
827 1740 952 1819 negotio
983 1759 1097 1805 luanus
1132 1740 1299 1825 sophistae
1324 1741 1408 1805 eriri·

224 1849 297 1919 tur,
322 1862 403 1926 quae
427 1851 474 1907 est
498 1846 557 1922 οὐχ
590 1845 606 1918 ἦ
640 1845 734 1926 Φύσις
767 1844 985 1925 ὑπηνέχθη.
1034 1845 1195 1930 Quidquid
1225 1847 1356 1910 senescit
1379 1853 1409 1910 el

224 1946 396 2031 pristinam
431 1948 497 2011 vim
533 1968 569 2013 ac
603 1948 700 2014 robur
734 1951 852 2013 sensirn
883 1950 1004 2015 amittit
1037 1950 1157 2014 dicitur
1192 1950 1405 2032 ὑποφέρεσθαι.

224 2052 362 2136 Egregie
396 2052 458 2117 huc
495 2052 570 2118 lacit
607 2053 696 2119 loeus
727 2055 825 2138 Longi
862 2055 928 2136 τερί
965 2052 1058 2136 ὕφους
1083 2055 1135 2120 111.
1164 2060 1225 2120 11:
1263 2055 1404 2134 μεγόληο

224 2159 348 2237 Φύσεως
385 2159 685 2241 ὑτοφερομὲνης
717 2160 770 2234 ἤδη
802 2159 874 2226 ἴδιόν
906 2162 966 2229 ε’ςιν
999 2162 1028 2224 ἐν
1053 2162 1135 2242 γήρᾳ
1169 2162 1203 2225 τό
1227 2161 1400 2242 φιλόμυθον.

225 2262 293 2342 Quo
315 2264 423 2327 urinas
445 2263 572 2329 dubites
603 2273 764 2329 rnamenlo
800 2285 895 2350 quarn
931 2285 1023 2350 saepe
1047 2265 1111 2330 νίτό
1134 2272 1165 2328 et
1192 2263 1250 2329 ὑτό
1281 2274 1313 2330 et
1334 2263 1405 2329 alibi

224 2366 357 2431 conlusa
388 2366 509 2431 luerint
544 2377 574 2432 et
596 2368 627 2430 in
654 2369 711 2433 hoc
746 2371 815 2453 ipso
843 2368 971 2447 libello,
1005 2371 1098 2434 cuius
1130 2369 1175 2433 rei
1207 2367 1408 2434 luculentum

224 2471 404 2556 exenrplurn
433 2471 529 2535 habes
553 2492 584 2557 p.
609 2477 674 2548 88,
702 2477 760 2537 12:
797 2474 966 2550 γνμνωςέοι
998 2475 1033 2548 δη
1067 2474 1120 2550 ξὺν
1154 2476 1322 2557 ἐτιμελείᾳ
1357 2475 1408 2540 κοί

224 2577 278 2650 την
304 2577 397 2656 ἰσχὺν
419 2577 688 2656 οίτοθρεττόοι
713 2581 835 2654 μᾶλλον
861 2578 963 2652 ἐπειδη
987 2581 1141 2644 ἑτιλείτει
1162 2585 1283 2660 σοφῶς.
1308 2578 1409 2644 Nauci

224 2698 286 2742 non
312 2688 360 2744 est
385 2678 517 2745 verbum
544 2682 731 2763 θτοτρέφειν
753 2690 784 2747 et
810 2681 887 2745 vitio
912 2689 1032 2746 naturn.
1082 2683 1163 2762 Quid
1189 2684 1231 2748 sit
1255 2703 1409 2768 reponeu⁴

225 2781 301 2848 durn
326 2784 413 2849 disce
434 2784 473 2849 ab
499 2786 565 2870 ipso
595 2785 786 2852 Philostrato
820 2807 849 2873 p.
876 2791 940 2862 94,
966 2791 1029 2852 λοι
1055 2789 1174 2866 dandal
1204 2787 1353 2866 μωλοίξωι
1374 2813 1408 2853 τε

224 2889 276 2954 nni
311 2891 544 2974 ὑτοθρέψοοι.
595 2891 762 2957 intercidit
795 2892 886 2977 plane
921 2892 980 2956 ὑτό
1011 2913 1043 2977 p.
1068 2897 1131 2957 84:
1160 2898 1195 2956 1:
1228 2895 1283 2968 την
1317 2894 1409 2974 ἰσχὺν

224 2995 445 3067 ὑποδεδωκότες
469 3034 514 3043 -—
538 2995 589 3060 κοοί
621 2999 828 3069 οὶνιοονθοῦντες
859 3003 917 3060 τῶν
941 2997 1048 3064 τόνων.
1098 2998 1194 3061 Recte
1224 2997 1407 3083 interpres:

226 3098 274 3162 »la
302 3098 422 3182 latigue
443 3098 500 3163 fait
525 3097 716 3184 disparaitre
734 3100 804 3166 leur
828 3099 959 3164 couleur
981 3101 1177 3166 rerrneille.”
1204 3101 1274 3186 Sed,
1290 3102 1409 3167 Graece

224 3200 256 3263 id
286 3201 406 3266 dicitur
440 3204 588 3268 οὶτοινθεῖν
622 3211 685 3275 τοῖς
720 3203 818 3275 τόνοις
849 3203 896 3267 vel
934 3207 990 3270 ὑπὸ
1027 3213 1085 3271 τῶν
1121 3205 1216 3271 τόνων
1248 3209 1406 3273 νίτοονθεῖν.

222 3307 280 3372 lllo
313 3306 406 3370 niodo
440 3307 568 3372 locutus
593 3316 641 3372 est
672 3306 885 3371 Philostratus
918 3329 947 3393 p.
971 3314 1036 3385 46,
1063 3314 1104 3376 9:
1140 3312 1206 3375 οὐδὲ
1230 3312 1407 3376 ε’τωνθνῦτνν

223 3411 302 3478 νότοι
336 3422 398 3486 τοῖς
432 3411 550 3489 τόνοις,
586 3420 695 3476 nostro
721 3411 787 3477 loeo
811 3413 982 3497 scripserat
1007 3417 1213 3487 οίτοινθοῦντες
1240 3415 1326 3503 (ὑπὸ)
1350 3423 1407 3481 τῶν

222 3520 328 3584 τόνων.
355 3517 522 3583 Contrario
540 3537 649 3582 errore
671 3519 852 3603 importuna
878 3521 1068 3604 praepositio
1091 3519 1220 3604 irrepsit
1244 3540 1274 3604 p.
1292 3527 1350 3598 18,
1371 3527 1406 3587 5:

223 3625 367 3706 χωλετθν
395 3623 450 3711 (δὲ)
476 3623 539 3687 ἀπὸ
563 3628 620 3686 τῶν
645 3624 785 3689 τοιούτων
819 3624 919 3699 οὐδέν,
947 3622 999 3688 uhi
1025 3625 1134 3709 11111δὲ
1158 3632 1246 3689 recte
1270 3626 1407 3691 inscruit

221 3731 334 3795 Editor
359 3727 467 3793 eadent
491 3746 586 3811 opera
607 3727 671 3792 νίτό
692 3727 844 3793 debuerat
865 3747 1020 3794 resecare.
1068 3729 1182 3816 blynae
1206 3730 1406 3815 compendio·

220 3835 286 3900 luni
313 3834 483 3919 imposuit,
508 3840 544 3895 ul
568 3833 724 3916 suspicor.

267 3940 372 4003 blinus
396 3944 483 4001 recte
507 3936 591 4018 cepit
616 3937 779 4023 interpres
800 3937 896 4003 verba
922 3937 1088 4022 Sophistac
1119 3960 1149 4024 p.
1172 3944 1213 4015 6,
1239 3945 1276 4004 8:
1307 3965 1406 4022 τωρω-

222 4045 358 4111 κείοετωι
383 4041 413 4105 δὲ
439 4041 628 4119 νίτωντωχοῦ
650 4042 692 4105 τόν
723 4048 780 4107 τῶν
805 4044 949 4118 Ἠλείων,
974 4062 1073 4127 qutun
1104 4052 1266 4108 verteret:
1307 4065 1407 4109 »nous

221 4168 339 4216 aurons
364 4152 601 4210 constarnrnent
623 4166 754 4210 recours
776 4167 835 4211 aux
862 4147 993 4211 dornre'es
1018 4145 1160 4212 louruies
1184 4167 1243 4233 par
1267 4147 1313 4213 les
1336 4130 1406 4213 Ele·

220 4256 311 4322 ens.’'
336 4251 426 4338 quasi
452 4250 560 4314 nescio
582 4271 661 4336 quos
697 4251 895 4316 Elidensium
921 4253 1169 4316 commentarios
1200 4261 1256 4317 aut
1282 4253 1406 4318 tabulas

218 4359 364 4448 publicas
386 4355 599 4421 Philostratus
623 4356 821 4440 inspexisset.
870 4353 987 4419 Eodem
1012 4376 1120 4421 errore
1144 4359 1249 4424 vicina
1281 4360 1316 4423 ἐκ
1349 4365 1406 4424 τῶν

218 4465 420 4555 όνμβεςέρων
455 4459 584 4543 φρθζειν
619 4460 776 4527 reddidit:
815 4458 941 4545 »parler
965 4459 1091 4547 d’aprhs
1127 4464 1171 4530 les
1205 4486 1330 4530 sources
1360 4464 1406 4531 les
