3270 5190
789 445 833 508 40

218 629 249 686 et
285 619 428 683 omnium
471 626 644 704 perpetuus
685 636 763 682 usus
800 616 981 703 requirunt.
1041 614 1271 701 Aristophanes
1316 615 1417 703 Vesp.

218 745 265 790 rs.
294 728 378 788 755:

468 829 512 894 σοί
539 830 569 894 δὲ
595 833 644 893 νῦν
668 853 715 901 τις
741 831 810 893 θεῶν
832 826 837 915 Ι
858 829 959 908 παρὼν
982 827 1126 907 ε’μφανης

353 933 577 1012 ξυλλαμβοίνει
601 937 653 997 τοῦ
679 931 869 1012 προίγματοο
890 930 896 1018 Ι
916 931 967 996 καί
993 929 1083 1006 δῆλός
1104 931 1166 999 ἕσιν
1188 927 1222 997 εὖ
1246 939 1352 998 ποιῶν.

142 1032 145 1039 ’
217 1047 247 1103 et
275 1039 348 1122 quis
372 1058 434 1100 non
460 1041 504 1101 ita
528 1035 696 1121 loquitur?

263 1141 396 1206 ittiritioe
419 1141 532 1206 Editor
556 1149 644 1206 arete
666 1138 890 1224 coniungenda
922 1138 1077 1204 disiunxit
1106 1160 1136 1225 p.
1159 1142 1221 1217 16,
1247 1145 1288 1206 ὅτ
1314 1140 1415 1217 Ποίλη

219 1248 250 1312 δὲ
275 1249 326 1312 καὶ
352 1245 547 1327 παγαροίτιον
572 1250 610 1319 ὡς
631 1247 661 1319 ἐς
685 1247 719 1310 τὸ
741 1245 908 1327 πρόσφορον
933 1246 975 1326 τῷ
997 1245 1122 1327 πολέμῳ
1145 1242 1279 1326 εὕρηται.
1328 1254 1412 1328 Πρῶ·

219 1377 269 1418 τον
289 1354 345 1430 μὲν
377 1352 465 1426 δηλοῖ
493 1353 526 1416 τὸ
555 1353 718 1431 Μαραθῶνι
750 1350 835 1431 ἔργον
863 1351 928 1414 νιτὲ.
976 1348 1043 1413 Non
1070 1348 1161 1414 facile
1186 1348 1307 1415 dixeris
1331 1351 1411 1437 qnid

217 1457 277 1521 sito
314 1457 390 1521 velit
428 1461 489 1534 ὡς,
525 1456 557 1520 id
594 1464 641 1520 ost
677 1452 745 1532 ίτι,
782 1456 814 1519 in
855 1454 914 1519 hae
954 1454 1126 1519 verborum
1167 1455 1411 1541 compositione.

218 1561 347 1627 Scribe:
371 1566 410 1635 ὡς
437 1563 466 1633 ἐς
491 1563 526 1626 τὸ
551 1560 719 1642 πρόσφορον
751 1562 792 1642 τῷ
826 1559 951 1641 πολέμῳ
987 1556 1177 1639 εὕρηνται
1212 1559 1272 1647 (siu
1296 1560 1412 1648 dlynas

219 1687 236 1731 e
259 1665 346 1752 coo.)
373 1672 487 1745 πρῶτον
511 1666 568 1743 μὲν
592 1666 680 1738 δηλοῖ
700 1668 734 1730 τὸ
756 1666 920 1745 Μαραθῶνι
943 1661 1039 1744 ἔργον.

276 1771 351 1834 Post
385 1789 486 1855 panea
520 1773 552 1834 in
590 1769 728 1834 similem
765 1788 907 1834 errorem
947 1769 1124 1854 implicitus
1162 1768 1276 1834 Editor
1311 1769 1410 1836 simul

218 1878 372 1962 optimam
394 1875 563 1940 lectionem
591 1874 676 1939 ultro
704 1874 846 1939 vitiavit:
878 1872 965 1939 dedit
990 1875 1097 1940 enim:
1123 1876 1347 1956 προτετίμηται
1376 1877 1408 1942 δὲ

218 1985 291 2063 παρ’
317 1979 407 2062 ἕτερα
434 1981 554 2070 (ἑτέροις
579 1979 654 2045 Cod.
682 1986 713 2044 et
745 1978 879 2066 apogr).
927 1985 990 2052 Ὡς
1022 1980 1139 2044 Ἠλεῖοί
1161 2004 1200 2057 γε
1224 1981 1279 2054 την
1303 1979 1406 2054 ποίλην

218 2088 368 2168 καρτερίαν
404 2088 576 2166 νενομίκασι
613 2085 666 2152 καί
702 2087 923 2164 οίλογεινην
957 2085 1042 2149 κατὰ
1066 2086 1136 2155 τοὺς
1160 2085 1302 2160 ποιησιίς.
1349 2085 1404 2150 Re·

218 2194 340 2258 scribe:
365 2195 590 2273 προτετίμηται
627 2193 657 2257 δὲ
682 2193 754 2272 παρ’
781 2191 907 2273 ἑτέροις,
942 2193 980 2263 ὡς
1005 2192 1123 2255 Ἠλεῖοί
1149 2215 1188 2269 γε
1220 2193 1287 2255 ari.
1332 2189 1400 2254 Gae-

218 2306 324 2363 terum
359 2298 525 2364 eommode
560 2297 713 2363 indicavit
748 2296 861 2362 Editor
901 2296 1031 2360 Homeri
1065 2295 1261 2361 versiculum
1296 2294 1402 2384 Odpss

216 2403 300 2470 Vill.
331 2407 403 2469 126.

355 2511 380 2573 oi
404 2509 435 2573 δὲ
460 2509 717 2587 παλαισμοσύνης
741 2510 966 2585 οίλογοινῆς
996 2506 1190 2587 πειρήσαντο.

264 2613 417 2676 Animum
443 2612 517 2676 alibi
541 2626 732 2698 occupatum
760 2612 894 2678 habebat
919 2611 1030 2676 Editor
1059 2633 1160 2696 quum
1185 2633 1221 2679 ea
1246 2611 1406 2678 describe·

217 2726 269 2783 ret
289 2717 406 2802 quibus
431 2717 643 2783 Philostratus
667 2717 866 2783 demonstrat
893 2719 1007 2782 loetum
1041 2715 1206 2805 Olympiae
1231 2738 1306 2803 prae
1339 2738 1407 2784 eae·

217 2823 297 2887 teris
319 2824 468 2888 omnibus
489 2825 520 2888 in
551 2823 669 2889 honore
700 2823 811 2889 fuisse.
859 2823 963 2888 Verba
995 2821 1072 2886 liaeo
1095 2831 1171 2887 sunt
1199 2843 1229 2908 p.
1256 2828 1319 2900 16,
1346 2828 1406 2890 td:

217 2929 418 3010 Παγκροίτιον
443 2935 518 3008 γοῦν
541 2929 593 2994 καὶ
628 2931 757 3007 πυγμὴν
786 2929 851 3016 [καί
878 2927 995 3014 ποίλην]
1024 2928 1138 2992 οίκονιτὶ
1163 2933 1318 3010 ςεφανοῦν
1350 2931 1405 2994 det·

218 3034 265 3098 νον
295 3035 457 3112 ἡγούμενοι
488 3035 553 3099 τὸν
582 3037 799 3110 παλαιςην
833 3038 885 3099 οὐκ
916 3032 1165 3110 οίπελαύνονσιν,
1200 3033 1305 3108 ἐπειδη
1327 3038 1341 3098 o‘
1364 3033 1406 3099 νί-

218 3162 276 3216 μος
297 3142 351 3214 την
373 3140 489 3204 τοιοίνδε
504 3140 586 3213 νίκην
605 3139 681 3220 μίνη
702 3137 875 3220 ξυγχωρεῖν
897 3137 975 3219 φησὶ
996 3147 1035 3218 τη
1058 3147 1135 3220 γνρῇ
1149 3137 1200 3202 καὶ
1221 3140 1407 3222 ταλαιπώρῳ

221 3243 319 3325 ποίλη.
367 3244 542 3308 Meridiaua
565 3243 635 3306 lone
660 3241 778 3305 otarius
810 3250 858 3306 est
882 3241 977 3306 rerba
1001 3243 1053 3307 καί
1078 3245 1182 3318 τοίλην
1206 3255 1408 3334 quantocyus

219 3367 289 3412 esse
310 3348 542 3434 expungenda,
568 3367 608 3412 ne
632 3347 728 3411 simul
753 3347 859 3412 dicere
882 3347 1029 3412 videatur
1052 3348 1200 3434 Sophiste
1223 3352 1278 3426 τὴν
1303 3351 1407 3426 τοίλην

220 3452 335 3517 ἀκονιτὶ
368 3459 521 3536 ςεφανοῦν
544 3461 574 3517 et
600 3474 660 3516 ooo
685 3452 779 3517 tinere
811 3452 973 3519 attinere.
1022 3454 1058 3519 ln
1094 3455 1235 3519 versione
1272 3456 1406 3521 tricatus

220 3564 269 3622 est
293 3557 413 3643 aliquid
440 3559 626 3644 interpres,
660 3557 715 3623 sed
741 3557 912 3622 verborum
936 3558 1129 3624 Graecorum
1156 3569 1266 3644 aperta
1288 3561 1406 3646 simpli·

221 3663 302 3727 citas
334 3684 460 3729 omnem
497 3662 716 3729 calumniandi
753 3672 904 3728 nonatum
941 3664 1051 3729 eludit.
1110 3665 1221 3752 Myous
1256 3665 1408 3732 odoratus

221 3778 269 3834 est
295 3768 416 3853 aliquid
445 3789 544 3854 quum
578 3771 610 3832 in
636 3769 818 3855 apographo
847 3778 1036 3834 annotaret:
1073 3769 1137 3834 »Le
1169 3770 1300 3856 capiate,
1337 3792 1408 3836 oens

222 3875 304 3960 faire
331 3877 500 3951 attention,
524 3898 542 3939 ο
566 3873 670 3964 [pionte
689 3874 741 3940 aad
772 3874 916 3948 ποίλην.”
965 3874 1025 3940 Sed
1046 3877 1154 3940 statim
1181 3875 1276 3940 rediit
1301 3876 1340 3941 ad
1362 3878 1408 3941 in-

222 3978 374 4062 genium,
410 3978 526 4042 honam
552 3981 791 4045 annotationem
814 3980 930 4046 delevit
962 3989 992 4045 et
1020 3979 1072 4044 nai
1106 3980 1210 4055 τοίλην
1247 3981 1279 4044 in
1316 4001 1406 4048 suam

222 4082 395 4148 editionem
419 4084 553 4168 recepit.

279 4189 448 4253 Praeterea
483 4199 560 4272 γνρη
595 4189 652 4255 alit
688 4191 814 4256 vitium.
871 4190 954 4272 Quid
987 4191 1072 4254 enim
1109 4189 1169 4255 sihi
1203 4190 1271 4255 vuit
1306 4191 1411 4259 forma

223 4296 330 4360 Iouioa
350 4304 427 4378 γορη
451 4314 507 4379 pro
531 4303 623 4381 γορρῖ.
673 4296 835 4378 Quaerant
866 4295 1026 4362 acutiores
1051 4294 1194 4361 adhibita
1222 4296 1328 4382 glossa
1350 4298 1411 4364 He-

223 4400 378 4488 syohiana
400 4402 545 4482 Γυρία;
571 4401 672 4477 σοίλη.

269 4505 446 4592 irnpeditus
478 4516 510 4572 et
542 4515 714 4594 corruptus
749 4507 838 4573 loeus
860 4514 908 4572 est
936 4527 1007 4593 pag.
1033 4512 1096 4586 18,
1121 4512 1160 4575 8:
1198 4510 1210 4572 ὁ
1243 4511 1410 4591 βαρύτερος
