3270 5190
784 432 825 493 48

218 611 286 682 tes,
311 603 371 667 nisi
398 602 600 679 cavebimus,
632 600 730 687 probe
755 601 984 667 luditicabitur.
1034 597 1260 664 Tractavimus
1287 615 1328 662 ex
1358 593 1408 659 bis

217 711 282 773 iam
304 708 455 772 normulla
481 710 512 772 in
535 706 766 792 superioribus.
816 708 921 772 Unum
948 725 1033 770 irunc
1058 703 1173 769 addam
1195 722 1233 767 ex
1259 720 1331 786 pag.
1347 706 1406 776 55,

220 820 281 877 tl:
322 816 482 893 Ἀριςίιονα
508 852 549 861 -
575 815 627 889 ἤδη
664 814 901 892 ἀπαγορεύοντα
937 809 1079 890 Ἐρυξίας
1113 811 1126 873 ὁ
1162 809 1329 887 γυμναςίρς
1365 808 1407 878 είς

217 918 313 997 ἔρωτα
338 918 468 982 ίανάτου
504 918 674 990 κατέςκοεν
706 919 887 996 άναβοάοας
913 915 1018 992 ἔξωθεν
1052 917 1116 986 »cic
1142 915 1268 978 καλὸν
1296 908 1407 976 ἕντοί·

218 1030 309 1104 φιον
334 1025 371 1086 ἐν
404 1024 615 1105 Ὀλυμπίᾳ
641 1024 692 1099 μὴ
725 1023 956 1088 άπειπεῖν.”
1004 1018 1217 1084 Vehementer
1249 1015 1332 1081 mibi
1357 1035 1406 1080 su·

219 1136 327 1211 specta
358 1134 434 1190 sunt
459 1126 554 1191 verba
578 1129 621 1204 ph
654 1130 810 1194 destasia.
860 1127 1054 1214 Gymnesiae
1086 1123 1209 1188 dictum
1236 1119 1406 1185 adumbra-

221 1238 288 1296 tum
315 1239 362 1295 est
384 1251 421 1294 ec
448 1232 636 1294 notissimo:
673 1233 767 1297 κακὸν
800 1232 945 1312 ἐντάφιον
971 1232 987 1305 ἡ
1011 1229 1170 1308 τυραννίς,
1195 1227 1280 1313 quud
1308 1225 1407 1312 pluri·

221 1356 347 1400 morum
372 1337 550 1400 imitatione
576 1335 865 1402 celebratissimum
892 1337 993 1401 nescit
1017 1355 1121 1401 nemo.
1171 1332 1330 1399 Omnibus
1361 1331 1407 1394 in·

221 1443 328 1505 notuit
364 1462 402 1505 ex
437 1441 588 1506 isocratis
631 1437 824 1507 Archidamo
867 1445 885 1526 ᾗ
921 1443 1075 1515 44—46,
1111 1438 1183 1504 vide
1218 1445 1249 1503 et
1286 1435 1407 1502 helian.

221 1547 259 1611 V.
285 1546 323 1610 H.
345 1545 398 1609 lV.
425 1550 455 1611 8.
490 1555 521 1610 et
546 1547 777 1634 lVyttenbacb.
811 1547 849 1611 ad
877 1545 1038 1611 Plutarchi
1073 1542 1181 1608 hloral.
1216 1563 1246 1628 p.
1271 1547 1348 1607 175.
1373 1541 1407 1606 ll.

221 1651 392 1715 Multorum
418 1651 612 1714 imitationes
631 1652 759 1736 collegit
780 1651 972 1734 lVesseling.
999 1650 1037 1714 ad
1055 1647 1144 1714 Diod.
1158 1647 1255 1712 Sicul.
1280 1644 1407 1710 Tomi.

220 1777 251 1840 p.
277 1758 351 1819 412.
400 1755 434 1818 ln
470 1755 518 1818 bis
550 1756 698 1821 omnibus
726 1756 871 1839 ἐντάφιον
896 1755 1077 1820 necessario
1109 1773 1183 1817 cnm
1209 1752 1299 1816 exitii
1323 1770 1408 1816 men·

223 1862 308 1924 tione
332 1861 562 1943 coniungitur,
587 1879 660 1925 nam
683 1871 757 1925 sum
783 1861 939 1943 ἐντάφια,
964 1861 1097 1944 opinor,
1131 1864 1188 1923 τῶν
1213 1856 1408 1931 τείννκάτον.

223 1963 275 2028 Sic
309 1963 458 2050 l‘olpbius
479 1963 546 2029 XV.
576 1969 627 2032 10.
655 1966 911 2050 alVesselingio
943 1963 1112 2030 laudatus:
1149 1961 1299 2031 κάκκιςον
1322 1959 1409 2025 ἒντά·

221 2076 290 2150 <Daca
314 2067 413 2144 ἕξουσι
435 2071 486 2134 τὸν
512 2070 585 2151 ὑπὲρ
604 2079 659 2145 τῆς
678 2073 822 2152 πατρίδος
843 2071 982 2136 θάνατον.
1033 2068 1199 2133 Sulislittie
1222 2066 1309 2132 uliud
1333 2064 1410 2151 quid

224 2182 349 2266 praeter
369 2196 472 2239 necem
486 2183 516 2238 et
533 2176 679 2252 erilium,
695 2177 829 2242 ridicule
842 2178 988 2258 ἐντάφιον
1004 2171 1321 2238 eouimemorabitur.
1347 2172 1409 2235 lta·

223 2300 285 2365 que
316 2281 412 2345 καλὸν
445 2279 590 2362 ἐντάφιον
622 2284 657 2348 τὸ
692 2285 722 2347 ἕν
751 2284 918 2366 Ὀλυμπία
949 2279 1140 2347 τεθνάναι
1173 2276 1408 2343 νθίάποίανεῖν

224 2383 300 2470 quid
335 2385 376 2448 sit
411 2383 574 2468 intelligo,
606 2389 640 2451 τὸ
676 2388 706 2449 ἐν
737 2389 903 2470 Ὀλυμπία
939 2389 990 2463 μὴ
1026 2387 1220 2448 άπειπεῖν
1250 2381 1407 2466 quomodo

222 2489 317 2554 canda
359 2487 504 2569 ἐντάφιον
547 2488 611 2553 dici
655 2493 754 2575 possit
799 2512 860 2556 non
905 2490 1058 2573 intelligo.
1119 2486 1209 2553 Scire
1254 2486 1405 2571 pervelim

223 2613 262 2659 an
288 2591 449 2658 Gallorum
480 2594 649 2678 qiiisqnanr
675 2596 830 2681 intellipot
854 2596 930 2660 baec
965 2593 1080 2658 verba:
1118 2593 1222 2658 nss’est
1257 2611 1297 2656 itu
1332 2592 1407 2656 deon

224 2697 339 2761 tineent
366 2696 404 2760 de
436 2716 477 2762 ne
511 2718 567 2782 pas
601 2699 708 2764 lorber
726 2702 798 2785 pied
828 2701 846 2765 a
879 2699 1059 2786 Olympie.''
1105 2698 1273 2783 Inspectus
1304 2695 1406 2761 Codex

224 2801 310 2867 solus
334 2801 417 2865 banc
436 2805 564 2883 άπορίαν
587 2824 660 2869 cnm
682 2806 793 2871 multis
816 2806 888 2870 aliis
909 2804 1029 2869 soluere
1056 2804 1183 2888 poterit.

256 2906 395 2998 Excidit
420 2908 541 2993 ⁸vocula
575 2931 603 2995 p.
626 2915 691 2988 54,
720 2917 778 2978 19:
803 2911 898 2990 λίγον
920 2913 973 2975 οὑκ
999 2910 1098 2983 cinnii
1119 2908 1246 2976 πλείςον
1270 2908 1301 2973 δὲ
1326 2904 1406 2982 άξιον

224 3013 265 3094 τῷ
289 3014 400 3093 ἐρῶντι.
450 3013 566 3100 Supple
590 3019 643 3080 οὐκ
666 3019 765 3092 ailad&
792 3016 873 3105 (μέν)
899 3019 964 3080 cci.

270 3115 358 3180 Ultro
391 3119 535 3201 corrupit
568 3118 680 3183 Editor
710 3120 895 3185 Philostrati
929 3120 1024 3184 verba
1058 3140 1086 3205 p.
1109 3123 1172 3194 56,
1198 3121 1235 3181 h:
1272 3115 1407 3196 Μανδρο·

224 3220 330 3299 γένους
356 3221 387 3286 δὲ
411 3226 463 3285 τοῦ
488 3221 658 3300 Μάγνητος
684 3225 777 3296 αὐτὸς
802 3227 916 3301 ἥκουσα
941 3226 994 3300 τὴν
1015 3224 1197 3306 καρτερίαν,
1223 3219 1241 3303 ᾗ
1263 3221 1407 3302 ἐκέχρητο

226 3329 300 3407 άφ’
326 3325 490 3400 ἡλικίας
515 3328 556 3398 εἷς
579 3327 621 3390 τά
646 3327 850 3408 παγκράτια,
874 3332 915 3410 τῷ
936 3339 1082 3412 γυμναςῇ
1103 3326 1305 3399 άνατιίὲντος.
1333 3325 1409 3405 Quis

228 3430 315 3494 novit
340 3427 417 3514 quid
439 3429 481 3493 sit
509 3431 569 3512 άφ’
595 3433 741 3505 inicias?
776 3434 939 3520 interpres
976 3435 1048 3498 »des
1078 3455 1132 3498 soii
1157 3434 1287 3518 crisante
1298 3431 1317 3457 ’⁹
1343 3426 1409 3493 red*

225 3533 327 3612 didit,
352 3553 434 3618 quae
465 3543 512 3598 est
546 3535 717 3601 arbitraria
748 3546 780 3602 et
804 3539 891 3604 nnllo
919 3538 1127 3604 fundamento
1152 3538 1225 3600 nixa
1257 3537 1409 3618 interpre-

225 3641 314 3704 tatio.
364 3637 617 3704 describendum
639 3651 686 3707 est
710 3645 762 3724 ἐφ’
788 3647 924 3719 ἡλικίας,
960 3641 1044 3729 qnod
1069 3640 1177 3705 eodem
1211 3661 1308 3706 sensu
1333 3637 1409 3703 dici-

227 3752 280 3809 tur
305 3751 400 3827 atque
424 3743 473 3807 ἐπὶ
498 3743 659 3822 νεότατος,
697 3749 746 3813 ε’πί
780 3752 897 3830 γάρος,
932 3768 969 3812 ae
1003 3746 1132 3810 similia.
1181 3744 1410 3829 Mandrogenes

225 3869 320 3913 senex
347 3855 458 3912 exacta
482 3856 586 3915 aetate
612 3851 805 3918 Philostrato
830 3855 973 3919 narrarit
996 3860 1184 3938 gprrrirastae
1208 3870 1240 3915 se
1265 3849 1411 3915 debuisse

226 3951 313 4016 illanc
335 3953 488 4017 invictam
515 3954 546 4017 in
571 3954 732 4022 laboribus
756 3958 953 4043 perferendis
984 3957 1220 4033 constantiam,
1254 3974 1317 4039 qna
1337 3953 1410 4018 olim

225 4057 258 4119 in
279 4055 359 4139 [lore
383 4077 418 4118 οο
448 4058 557 4123 robore
582 4063 692 4126 aetatis
717 4063 781 4151 (ἐφ’
807 4063 942 4152 ἡλικίας)
969 4082 1046 4126 usus
1071 4070 1163 4126 esset·

281 4159 437 4225 Minoidea
474 4162 694 4248 supplementa
727 4169 896 4252 caliginem
933 4169 1049 4232 iterum
1091 4165 1259 4230 oiinndnnt
1295 4187 1324 4250 p.
1353 4168 1411 4236 56.

230 4271 280 4334 10.
315 4267 346 4329 in
374 4264 479 4331 verbis
514 4268 744 4350 άγοονιοοίραενος
778 4277 819 4346 είς
849 4273 984 4351 δεύτερον
1016 4268 1125 4348 άίλον,
1158 4291 1238 4355 quae
1271 4291 1335 4335 non
1366 4275 1413 4335 esi

228 4372 348 4438 Graeca
378 4370 527 4458 loquendi
559 4372 671 4440 lorma.
729 4379 894 4443 Excidisse
927 4375 1012 4440 alind
1046 4375 1121 4462 quid
1154 4383 1336 4441 monstrant
1368 4394 1412 4440 se-

227 4477 377 4563 quentia:
405 4477 542 4556 κειμένου
574 4484 668 4561 παρ’
700 4485 840 4557 αὐτοῖς
874 4480 964 4562 νόμον
989 4482 1119 4565 δαμοσίᾳ
1140 4482 1340 4561 άποίνάοκειν
1364 4479 1413 4544 τὸν
