3270 5190
911 439 951 501 10

335 613 518 705 Olympie.”
566 616 668 698 Quam
701 616 808 702 inepte
831 612 926 680 hodie
949 612 981 677 in
1011 610 1067 677 tali
1092 631 1127 678 re
1151 612 1295 700 plerique
1328 613 1414 702 loqui
1442 616 1520 684 sole·

334 723 428 786 must
477 722 578 804 Quam
600 720 725 788 iatuum
749 728 818 798 est,
842 738 982 806 quaeso,
1013 739 1072 804 ρον
1093 717 1220 805 indique
1248 720 1286 784 de
1309 721 1430 806 fipurer
1447 745 1520 808 por·

333 827 379 890 mi
402 848 450 892 scs
476 829 683 894 odorotcurs!
720 825 779 893 Sed
805 824 926 890 assueti
949 822 999 889 his
1033 821 1155 888 dudum
1186 843 1299 889 sumus
1327 834 1358 890 et
1390 845 1520 891 eonsue-

333 929 412 996 tudo
437 933 500 998 iam
526 934 622 999 vertit
647 934 678 997 in
710 940 873 997 naturam.
921 927 1023 1008 Quam
1046 926 1173 993 diversa
1202 928 1241 992 ab
1266 926 1325 994 lmc
1348 930 1520 996 uerborum

333 1036 455 1102 tinnitu
488 1035 609 1104 Graeca
644 1048 693 1104 est
715 1034 924 1122 simplicitas:
959 1031 1141 1111 διαλέξομαι
1179 1035 1253 1115 ὑπὲρ
1288 1040 1341 1100 σοῦ
1377 1038 1426 1119 τῷ
1461 1062 1520 1114 νιν-

333 1141 434 1224 νοιέῳ.
482 1139 543 1206 Sed
564 1142 692 1229 adspice
712 1141 793 1207 mihi
817 1139 938 1206 Graeca
959 1137 1076 1224 quihus
1105 1138 1159 1204 illa
1186 1140 1379 1225 respondere
1408 1149 1521 1226 putan-

332 1254 398 1311 tur.
451 1245 534 1311 Num
570 1255 606 1313 tu
637 1247 763 1325 medic,
789 1245 937 1332 quisquis
970 1243 1047 1310 haec
1074 1243 1163 1330 legis,
1191 1245 1311 1331 fiqorer
1337 1248 1446 1330 parmi
1474 1268 1522 1311 scs

332 1352 514 1417 odorotcurs
536 1351 656 1420 Graece
679 1373 793 1420 sonare
817 1369 910 1438 posse
931 1346 1008 1416 εἷνοιι
1032 1356 1090 1415 τῶν
1112 1352 1224 1426 ἑωυτῆς
1250 1350 1421 1416 corticeo?
1459 1352 1521 1416 Pu-

332 1465 425 1523 tasne
445 1457 533 1523 illam
559 1457 708 1525 habuisse
729 1465 909 1524 amatorum
934 1475 1083 1542 ρνοροιιι,
1107 1464 1140 1520 et
1162 1454 1339 1520 Promacho
1357 1455 1521 1540 polliceri,

333 1563 363 1630 si
386 1560 535 1651 Olympia
556 1564 688 1642 vicerit,
712 1562 804 1628 illum
831 1581 957 1648 quoque
979 1561 1012 1624 in
1037 1580 1073 1626 eo
1097 1580 1232 1626 numero
1254 1559 1426 1626 futurum?
1452 1561 1520 1625 Non

333 1674 404 1733 erat
427 1669 726 1753 operaepretium,
753 1675 789 1733 ut
813 1665 943 1732 Homeri
965 1663 1071 1730 verbis
1094 1673 1185 1742 utar,

469 1774 564 1856 τοιῇδ’
587 1774 675 1855 ἀμφὶ
700 1773 824 1852 colace
849 1771 945 1838 πολὺν
968 1768 1075 1850 χρόνον
1099 1767 1207 1847 alaysa
1228 1769 1377 1852 οιοέοχειν.

334 1874 412 1955 sed,
434 1876 519 1963 quod
544 1879 773 1962 gravissimum
797 1884 868 1956 est,
900 1883 991 1942 estne
1014 1872 1094 1939 haec
1118 1872 1238 1939 Graeca
1262 1876 1388 1940 oratio?
1436 1875 1519 1941 Num

333 1978 411 2048 εἷνοιι
435 1989 494 2047 τῶν
513 1984 614 2067 φίλων
643 1991 692 2048 est
722 2004 788 2048 csse
813 1983 847 2048 iu
874 1982 1047 2048 amicorum
1077 1980 1235 2043 otomero?
1282 1979 1366 2045 Num
1391 1982 1521 2048 ιιοιιδιιιοί

333 2105 371 2153 eo
397 2106 494 2153 sensu
526 2089 601 2174 poni
627 2108 718 2173 posse
746 2095 842 2175 putas
873 2093 930 2153 aut
964 2101 1156 2170 umquama
1185 2104 1346 2169 quoquam
1378 2087 1520 2171 positum

333 2191 427 2258 essai
477 2191 532 2258 Sat
559 2192 652 2261 iaoile
678 2202 726 2260 est
751 2195 833 2261 scire
858 2194 891 2258 in
920 2190 1182 2277 frequentissimo
1211 2191 1355 2255 omnium
1388 2191 1521 2256 Graeco-

333 2316 407 2362 rum
440 2317 501 2364 usu
534 2298 612 2386 quid
646 2298 807 2384 significet
835 2300 878 2366 τοὶ
911 2295 1053 2365 ιιοοιδιιιοέ.
1107 2293 1337 2361 Eruditissima
1372 2296 1404 2361 in
1438 2295 1520 2362 hanc

332 2420 403 2468 rem
436 2410 542 2468 exstat
574 2405 701 2489 antiqui
733 2403 942 2471 Grammatici
972 2401 1136 2467 annotatio
1168 2408 1315 2486 excerpta
1341 2421 1378 2466 ex
1413 2401 1521 2487 aliqua

331 2505 498 2580 Πλοέτωνορ
525 2506 607 2583 λέξει
637 2507 722 2594 apud
747 2508 896 2574 Photiurn
921 2528 950 2573 v.
975 2504 1122 2572 Ποιιδικοέ.
1169 2505 1267 2570 Recte
1289 2505 1377 2572 illem
1395 2506 1445 2572 ἐπὶ
1473 2509 1520 2581 έν·

331 2617 420 2677 acceo
449 2613 502 2678 uoci
534 2613 660 2694 oipps'roo
695 2613 889 2695 ἐρωμένων
923 2611 1078 2678 τοέττετοιι
1108 2613 1125 2686 ἦ
1150 2609 1253 2688 λέξις,
1288 2630 1351 2696 qua
1385 2631 1419 2676 re
1443 2611 1520 2697 quid

333 2711 442 2782 notius
467 2719 659 2803 praesertim
684 2719 735 2784 ἐπὶ
760 2727 818 2784 τῶν
842 2717 968 2801 οὶρρένων
995 2715 1171 2800 ἕρωμένωνέ
1208 2715 1314 2780 Etiam
1338 2718 1455 2782 amicos
1476 2720 1520 2783 ita

332 2819 397 2886 dici
419 2842 457 2888 ex
483 2824 625 2909 antiquis
648 2823 785 2888 Cornicis
818 2832 967 2890 accurate
1001 2822 1240 2889 Grammaticus
1275 2822 1359 2888 idem
1392 2823 1519 2888 demon-

332 2927 458 2992 stravit.
507 2926 569 2993 Sed
592 2929 810 3008 Promachus,
835 2928 953 3008 credo,
977 2948 1038 2993 non
1064 2929 1208 3008 ἐρώμενος
1231 2947 1300 2993 esse
1320 2927 1444 2993 volebat
1465 2928 1520 2993 sed

330 3033 455 3112 έρωςές.
508 3035 674 3100 Praeterea
700 3036 772 3121 quis
797 3037 866 3101 sine
890 3036 959 3100 risu
982 3031 1092 3099 audiat
1124 3031 1186 3098 dici
1212 3032 1436 3098 mulierculam
1462 3054 1520 3098 sua

331 3135 393 3202 sini
425 3137 554 3202 οιοοιδιιιοέ
588 3137 727 3212 haltere.
756 3140 843 3205 etin
875 3138 925 3204 his
954 3146 1009 3203 aut
1038 3157 1108 3203 esse
1141 3147 1197 3202 aut
1229 3136 1295 3202 iore
1321 3158 1420 3202 unum
1454 3158 1519 3202 om-

330 3241 422 3306 nium
456 3240 651 3306 athletarum
683 3242 916 3308 validissimum
950 3241 1301 3326 robustissimumque?
1350 3241 1411 3307 Sed
1441 3242 1519 3326 quid

331 3345 449 3431 plura?
485 3344 552 3410 Non
577 3355 652 3412 sunt
678 3345 757 3413 haec
781 3346 967 3412 Philostrati
996 3345 1113 3424 verba,
1138 3345 1192 3413 sed
1214 3345 1337 3412 misella
1361 3345 1518 3413 llinoidae

331 3450 554 3537 supplementa
581 3451 614 3516 in
646 3452 714 3518 loco
738 3452 844 3519 lacero
873 3462 930 3519 aut
961 3451 1091 3518 madore
1118 3451 1167 3517 vel
1200 3449 1370 3536 putredine
1401 3472 1515 3527 exoso,

331 3554 386 3620 ubi
417 3575 517 3642 quum
547 3556 715 3624 evanidam
748 3558 943 3644 scripturam
978 3557 1127 3644 expedire
1158 3556 1246 3622 nullo
1282 3564 1376 3644 puoto
1411 3566 1518 3644 posset

330 3679 434 3746 neque
465 3681 504 3727 ex
526 3663 728 3731 tenuissimis
757 3666 874 3731 veteris
904 3663 1053 3730 lectionis
1085 3663 1211 3730 laciniis
1241 3662 1417 3750 quidquam
1447 3665 1518 3730 sani

330 3766 463 3847 elicere,
496 3766 535 3833 de
560 3788 619 3834 suo
647 3778 849 3836 commentus
878 3777 925 3835 est
952 3767 1074 3855 aliquid
1100 3777 1132 3834 et
1160 3789 1218 3835 sua
1243 3769 1415 3854 figmenta,
1448 3773 1516 3854 qui·

328 3869 390 3936 hus
422 3892 480 3938 nec
513 3881 611 3960 caput
642 3896 700 3942 nec
734 3897 789 3962 pes
817 3881 965 3954 constat,
999 3873 1092 3940 nobis
1125 3893 1224 3940 ausus
1255 3883 1303 3940 est
1336 3894 1394 3960 pro
1425 3876 1515 3959 puris

328 3976 418 4062 putis
450 3976 671 4046 Philostrateis
701 3980 877 4048 venditare.
926 3979 959 4046 Si
992 3999 1029 4046 ea
1059 3976 1184 4046 fallacia
1215 3999 1289 4045 raro
1322 3987 1448 4045 tantum
1484 3989 1516 4045 et

329 4087 424 4147 caute
456 4101 535 4148 usus
569 4093 673 4164 esset,
708 4086 736 4151 si
768 4085 863 4172 paulo
893 4085 1009 4152 melius
1041 4084 1160 4152 Graece
1184 4084 1383 4171 loquentium
1420 4105 1514 4151 usum

327 4187 506 4267 tenuisset,
544 4196 668 4276 poterut
699 4189 834 4257 fortasse
859 4190 949 4258 fraus
985 4191 1104 4257 multos
1135 4210 1261 4278 semper
1295 4199 1327 4255 et
1357 4189 1515 4256 doctiores

327 4292 451 4360 diutius
475 4292 596 4380 ingere.
643 4295 736 4362 Nunc
759 4304 872 4363 contra
894 4305 963 4364 est:
988 4297 1107 4382 passim
1132 4296 1242 4363 eodem
1266 4294 1361 4361 modo
1389 4297 1514 4382 antiqui

325 4397 451 4465 Codicis
474 4399 628 4487 reliquias
652 4402 857 4490 interpolavit
880 4410 911 4470 et
938 4403 972 4466 in
1000 4402 1153 4490 antiquae
1176 4402 1367 4469 Graecitatis
1389 4404 1513 4468 ratione

326 4510 358 4570 ct
381 4522 444 4572 usu
476 4512 541 4573 tam
572 4507 742 4593 plumbeus
765 4515 813 4576 est
846 4516 882 4576 ut
914 4517 1051 4594 nequeat
1074 4509 1131 4594 τρί’
1160 4511 1257 4576 εἰπεῖν
1286 4510 1412 4593 pipam
1445 4508 1512 4592 πρὶν
