3270 5190
792 426 829 490 11

218 600 426 685 ἐξαμαρτεῖν,
461 607 573 685 estque
595 599 627 664 in
654 597 817 664 nonnullis
853 604 917 664 tam
944 598 1113 667 manifesta
1140 599 1228 666 traus
1258 607 1293 665 ut
1323 596 1404 663 ‹litli-

219 708 279 774 cile
306 708 349 774 sit
377 707 480 773 risum
503 706 679 771 continere.
727 702 943 770 Vehementer
960 704 1060 768 miror
1078 724 1141 790 quo
1165 713 1257 791 pacto
1279 705 1405 772 llditori

218 813 298 879 nibil
330 813 446 878 borum
473 809 651 887 oboluerit,
684 809 739 894 qui
771 809 819 875 vel
854 811 887 875 in
915 808 1157 876 absurdissimis
1182 811 1320 876 colorem
1348 809 1405 875 ali·

219 940 313 1006 quem
335 918 476 1004 reperire
501 915 619 1001 satagit
644 935 707 1000 quo
730 912 801 981 illas
825 914 963 1000 ineptias
987 922 1093 998 tegat,
1118 914 1238 994 leniat,
1262 924 1404 981 excuset.

220 1024 354 1110 Saepius
379 1022 509 1089 Graecis
534 1020 654 1087 Gallica
683 1019 777 1106 plane
806 1018 933 1085 diversa
955 1020 1084 1104 opponit
1115 1027 1146 1086 et
1168 1020 1316 1086 omnibus
1341 1041 1406 1086 mo·

220 1130 270 1197 dis
293 1126 513 1195 laborantibus
537 1146 574 1192 ao
599 1125 770 1192 ruentibus
791 1124 978 1211 opitulatur.
1027 1124 1275 1212 Nonnumquam
1296 1126 1407 1190 Minoi·

220 1234 294 1312 dm,
319 1235 374 1320 qui
394 1230 489 1311 t‘mr
514 1257 564 1298 κεν
589 1233 638 1298 εἰτ’
663 1232 833 1313 ἀκαιρίμαν
858 1236 1007 1308 γλῶσσαν
1032 1228 1102 1312 ἔλθῃ
1137 1231 1285 1318 supplere
1308 1231 1408 1310 solet,

220 1339 373 1407 Gallicam
397 1337 548 1423 loquendi
574 1333 839 1401 consuetudinem
869 1334 1021 1419 antiquae
1045 1333 1183 1421 Graecae
1204 1338 1352 1422 imperite
1376 1345 1408 1401 et

220 1444 408 1511 ioculariter
432 1442 612 1507 substituit.
663 1439 752 1520 Quod
783 1438 863 1506 Galli
888 1440 920 1504 in
954 1459 989 1505 re
1014 1442 1170 1506 amatoria
1201 1449 1232 1506 et
1265 1440 1407 1507 adulato-

220 1553 270 1617 ria
306 1548 467 1637 appellant
492 1547 603 1612 odoror
634 1545 753 1611 Graece
784 1545 952 1628 θανααζειν
987 1544 1130 1623 dicitur,
1166 1546 1340 1612 scitissime
1373 1555 1409 1613 ut

222 1655 302 1721 nihil
327 1674 435 1739 supra.
484 1650 567 1732 Quid
590 1649 714 1716 diceres
737 1651 764 1715 si
789 1652 861 1736 quis
881 1671 939 1738 pro
970 1651 1138 1733 θαυμάζειν
1163 1651 1257 1718 vellet
1281 1677 1408 1738 τρνακν·

221 1769 282 1827 νεῖν
306 1757 510 1845 supponere?
559 1756 691 1822 ltideres
721 1756 883 1822 bominem
910 1763 941 1822 et
965 1758 1108 1824 insanire
1138 1767 1278 1843 putares.
1326 1758 1408 1823 Risi·

221 1885 295 1931 mus
320 1863 516 1929 Simonidem
547 1882 645 1948 quum
672 1863 757 1928 κατα
780 1863 834 1938 τὴν
859 1863 935 1941 ἐμὴν
959 1862 1072 1928 ἰδέαν
1096 1884 1212 1948 magua
1236 1884 1310 1931 cum
1335 1883 1408 1949 gra·

220 1971 320 2036 vitate
344 1969 488 2034 dixisset.
535 1968 604 2034 uisi
629 1968 810 2047 bominem,
834 1970 889 2054 qui
915 1988 1016 2054 quum
1042 1968 1160 2034 Graece
1183 1969 1277 2036 vellet
1302 1969 1409 2036 dicere

221 2075 253 2141 id
277 2075 360 2163 quod
387 2073 554 2161 proverbio
587 2071 706 2139 Gallico
730 2071 795 2138 dioi
824 2073 903 2139 solet
928 2075 974 2137 ita
1004 2071 1104 2139 dixit:
1136 2076 1171 2139 τὸ
1203 2075 1328 2154 βέλτιον
1354 2101 1408 2142 τιν-

220 2182 326 2262 uiuido
351 2183 396 2250 ἒςι
420 2181 462 2261 τῷ
487 2180 619 2260 ἀγαθῷ,
652 2177 736 2263 quod
764 2197 804 2243 ne
826 2176 1033 2243 Aristarchus
1057 2177 1185 2263 quidem
1221 2179 1284 2244 ullo
1316 2181 1409 2245 modo

221 2287 402 2372 intelligere
427 2293 459 2351 et
483 2284 691 2371 interpretari
716 2284 881 2369 potuisset.
931 2283 1026 2349 Verte
1050 2282 1168 2350 Gallice
1192 2286 1310 2350 eterit
1339 2286 1410 2352 luce

221 2392 351 2458 clarius.
400 2391 500 2456 Homo
530 2388 638 2456 Gallus
669 2388 804 2454 Athenis
830 2389 863 2453 in
888 2408 963 2454 saxo
987 2389 1231 2476 insculpendurn
1263 2392 1409 2457 curavit:

221 2502 239 2576 ἦ
273 2494 399 2562 Γαλλίαν
423 2533 468 2544 -
491 2505 547 2571 τῆς
578 2496 771 2577 ἀκροπόλεως
794 2534 840 2544 -
863 2496 917 2570 rba
950 2494 1108 2575 ἀνάβασιν
1133 2535 1178 2546 -—
1201 2495 1407 2580 ἐξεκκλυψεκ.

223 2601 276 2668 Sic
301 2600 510 2666 Hannibalem
543 2599 663 2667 Graece
695 2599 841 2666 locutum
871 2619 941 2666 esse
965 2601 1076 2680 aiunt,
1110 2623 1170 2668 non
1197 2603 1316 2688 optime
1340 2603 1409 2688 qui·

223 2706 294 2773 dem
320 2705 375 2772 sed
399 2715 505 2772 tamen
532 2716 568 2771 ut
598 2705 734 2790 intelligi
766 2713 883 2791 posset.
933 2704 994 2770 Sed
1022 2706 1265 2774 Atheniensium
1294 2729 1409 2785 uerno,

222 2822 367 2879 veterum
392 2810 486 2889 dico,
510 2820 665 2897 exputare
693 2811 851 2896 potuisset
875 2830 957 2895 quac
989 2819 1072 2876 esset
1095 2822 1150 2888 τῆς
1174 2815 1368 2893 ἀκροπόλεως
1391 2818 1409 2890 ἡ

223 2918 381 2998 νὶννὶβασις
407 2925 437 2984 et
469 2917 546 3002 quid
582 2923 666 2982 esset
693 2918 748 2991 rim
777 2913 935 2993 duritiam
969 2915 1189 2982 ἐκκαλύπτειν.
1237 2918 1322 2984 Haec
1349 2919 1410 3003 igi-

224 3033 279 3090 tur
312 3024 420 3090 omnia
451 3023 561 3090 statim
592 3019 753 3102 recrepant
789 3039 859 3085 esse
882 3018 921 3084 ab
947 3039 1138 3106 unoquoque
1162 3020 1409 3108 intelliguntur:

224 3130 341 3217 quibus
373 3131 400 3195 si
430 3128 547 3194 similia
577 3127 660 3212 apud
694 3125 923 3192 Philostratum
957 3125 1257 3212 deprehendentur,
1290 3130 1411 3196 tenebi-

224 3255 298 3300 mus
331 3235 537 3320 impostorem
571 3253 608 3299 ac
645 3232 811 3299 falsarium
846 3231 1063 3299 manifestum.
1118 3234 1231 3321 ltaque
1262 3237 1411 3322 eqrridem

225 3340 348 3407 dudum
378 3341 491 3406 mirari
519 3338 600 3404 desii
624 3338 835 3425 quamobrem
865 3339 969 3405 Codex
993 3339 1177 3406 Philostrati
1200 3342 1257 3407 lls.
1284 3345 1413 3410 nonsit

225 3447 369 3533 prolatus
401 3447 433 3510 in
464 3444 632 3510 hominum
667 3444 834 3510 doctorum
859 3446 1029 3510 notitiam:
1066 3466 1180 3513 acme
1214 3447 1321 3516 iudice
1353 3470 1413 3516 cur

225 3554 338 3642 lllyuas
361 3550 502 3618 occultet
523 3549 641 3615 librum
664 3551 785 3615 nemini
809 3556 911 3636 potest
935 3544 1004 3616 esse
1028 3550 1201 3617 occultum.
1238 3553 1285 3619 Ex
1310 3557 1411 3621 omni·

226 3658 286 3724 bus
312 3676 412 3723 unum
436 3654 580 3722 delibabo
605 3656 747 3742 primum
772 3655 803 3719 in
829 3675 892 3742 quo
913 3674 1031 3740 magna
1062 3677 1114 3723 me
1137 3678 1209 3744 spes
1235 3667 1321 3726 tenet
1347 3659 1413 3728 lore

227 3771 263 3831 ut
289 3763 367 3829 mibi
394 3782 505 3828 omnes
529 3781 566 3827 ex
591 3761 691 3826 animi
715 3762 874 3827 sententia
903 3761 1132 3827 assentiantur.

272 3870 406 3955 Legitur
438 3889 469 3954 p.
497 3872 548 3933 78.
582 3866 724 3932 inludis
753 3866 949 3932 Graecorum
973 3865 1062 3932 loeda
1094 3875 1127 3934 et
1154 3866 1311 3956 flagitiosa
1345 3872 1414 3940 lieri

229 3974 347 4041 solere:
371 3973 519 4060 'palmam
544 3972 689 4039 venalem
723 3992 812 4039 esse:
846 3971 972 4038 laudem
1002 3993 1038 4040 ac
1069 3973 1204 4061 gloriam
1238 3978 1317 4045 alios
1341 4000 1415 4046 ven-

228 4082 322 4160 dere,
358 4080 436 4148 alios
461 4100 580 4147 emere.
636 4079 663 4145 A
695 4078 771 4144 solis
798 4077 883 4144 ludis
916 4076 1093 4169 Olympicis
1128 4082 1215 4149 illam
1248 4084 1415 4153 infamiam

230 4187 360 4254 abesse:
393 4186 542 4262 Ἠλείοις,
576 4185 704 4272 inquit,
736 4186 750 4250 ὅ
775 4184 888 4261 κότινος
913 4185 1028 4262 duobos
1048 4187 1133 4267 μένει
1155 4191 1240 4255 κατα
1271 4193 1327 4266 τὴν
1353 4217 1416 4258 τια-

229 4291 325 4359 λαινὶν
353 4290 455 4368 δόξαν.
505 4291 588 4356 Tum
619 4298 787 4377 postquam
817 4293 1082 4360 commemoravit
1116 4295 1339 4380 turpissimum
1372 4295 1388 4362 l
1406 4336 1416 4350 ·

231 4399 324 4464 cinus
346 4399 379 4462 in
405 4397 528 4464 lstlrmo
552 4398 761 4464 commissum
786 4398 819 4463 in
850 4398 950 4464 totius
978 4396 1129 4465 Graeciae
1161 4400 1283 4481 oculis,
1316 4404 1418 4472 excla-

230 4512 319 4571 mat:
344 4505 376 4570 τί
399 4504 456 4586 μὲν
477 4507 530 4570 οὐκ
554 4503 593 4571 bv
617 4505 648 4569 ἕν
668 4504 788 4590 Ἰωνία,
812 4505 845 4572 τί
866 4503 892 4570 δ’
915 4507 968 4572 οὐκ
994 4503 1032 4572 ἂν
1055 4506 1086 4572 ἕν
1111 4507 1278 4594 Ὀλυμπία
1301 4511 1417 4591 γένοιτο
