3270 5190
683 466 724 526 ov

113 637 247 701 stituta:
282 638 412 719 ἐκατοςη
437 639 489 703 καί
514 648 728 721 τεσσαρακοςῇ
753 637 805 702 καί
829 637 960 720 πέμπτη
992 631 1159 713 ὀλυμπιάδι
1191 631 1299 702 παιδὸς

111 749 353 822 πανκρατιατοῦ
378 747 486 822 epora
518 741 624 809 ἔθεσαν
649 747 701 809 οὐκ
734 739 790 809 οἷδ’
814 742 848 819 ἐξ
871 739 939 808 ύτου
962 739 1099 821 βραδέως
1128 739 1221 803 αύτδν
1252 740 1299 802 ε’ν·

111 850 275 923 νοήσαντες
310 851 529 927 εὐδοκιμοῦντα
562 849 615 924 ἤδη
641 849 715 929 παρ’
744 847 864 929 ἑτέροις.
913 847 995 928 Ὀψὲ
1017 847 1080 926 ηοίρ
1113 845 1171 909 τῶν
1202 845 1298 921 onop-

109 951 225 1017 πιοίδων
259 953 425 1030 Αἰγύπτου
447 955 500 1031 ἤδη
533 953 765 1034 ςεφανουροένης
789 951 912 1034 ἤρξατο.
949 951 1072 1024 κοίκείνη
1105 949 1168 1029 γὰρ
1193 952 1209 1024 ἡ
1232 948 1297 1021 νίκη

46 1069 50 1076 ’
109 1057 275 1135 Αἰγυπτία
310 1060 444 1136 ἐγένετο.
492 1059 673 1139 Ναύκρατις
697 1054 746 1122 οὖν
774 1059 917 1139 οἰνερρήθη
950 1061 1087 1127 νικῶντος
1122 1049 1298 1131 Αἰγυπτίου
1361 1100 1367 1109 1

110 1163 281 1241 Φαιδίμου,
306 1164 541 1230 confirmantur
564 1162 603 1227 ah
624 1162 764 1228 Eusebio
785 1163 840 1248 qui
863 1160 902 1226 ad
936 1158 1157 1249 Olympiadem
1180 1158 1296 1223 cxlv.

109 1266 302 1353 adscripsit:
344 1270 512 1350 Προσετέθη
547 1270 662 1334 παίδων
704 1266 898 1347 παγκροίτιον
941 1266 992 1331 καί
1029 1265 1115 1330 ε’νίκα
1151 1264 1298 1342 Φαίδιμος

108 1371 353 1453 Ἀλεξανδρεύς,
390 1375 451 1438 nisi
475 1372 560 1459 quod
594 1371 819 1437 Alexandriam
854 1391 911 1457 pro
940 1371 1093 1437 Naucrati
1118 1368 1297 1434 substituit.

108 1475 214 1542 Manet
246 1485 353 1542 tannen
391 1480 407 1555 η
440 1478 505 1552 νίκη
537 1477 713 1555 Αἰγυπτία.
761 1476 925 1542 consentit
949 1475 988 1540 de
1021 1475 1157 1540 caeteris
1183 1476 1298 1539 Pausa·

109 1581 179 1644 nias
199 1581 237 1645 V.
260 1601 325 1646 vn1.
348 1587 399 1646 11.
432 1581 487 1648 sed
519 1582 557 1648 de
582 1583 714 1647 victoris
750 1582 853 1668 patria
877 1579 1013 1646 discedit
1034 1580 1067 1644 in
1091 1579 1152 1644 alia
1177 1579 1295 1643 omma.

109 1683 245 1766 Πέμπτη
272 1685 303 1749 δὲ
338 1689 386 1751 ε’πί
416 1696 488 1759 ταῖς
520 1686 753 1768 τεσσαροίκοντα
778 1688 830 1752 καί
865 1687 975 1752 ἑκατὸν
1000 1680 1083 1750 οἰθλα
1105 1683 1190 1759 ἐτέθη
1212 1709 1297 1762 παν·

109 1789 233 1870 κρανίον
269 1792 359 1856 παισὶ
394 1793 446 1857 καί
479 1792 565 1858 ἐνίκα
601 1794 748 1871 Φαίδιμος
782 1793 911 1864 Αἰολεὺς
945 1791 978 1855 ἐκ
1010 1790 1128 1863 πόλεως
1144 1790 1296 1871 Τρῳάδος.

108 1892 158 1959 dle
188 1892 317 1980 quidem
354 1895 534 1962 Eusebiana
570 1898 743 1980 οἰναγραφίη
774 1903 832 1963 τῶν
864 1900 1109 1974 Ὀλυμπιονικῶν
1134 1903 1298 1981 permovet

110 2006 147 2063 ut
171 2019 255 2064 iruna
280 1999 409 2085 quidem
435 2001 615 2068 Pausaniae
641 2001 872 2068 Philostratum
897 2007 1061 2067 auctorem
1083 2008 1297 2084 anteponam,

108 2123 302 2189 quamquam
328 2105 405 2171 haec
431 2108 499 2193 ipsa
523 2109 698 2190 ἀναγραφή
724 2107 839 2173 melius
868 2106 965 2171 etiam
1000 2124 1097 2190 quam
1122 2105 1296 2169 Pausanias

108 2200 309 2275 demonstrat
333 2231 429 2295 quam
454 2211 557 2278 multa
592 2213 806 2278 Philostratus
830 2213 862 2275 in
882 2229 923 2275 ea
952 2211 1195 2275 enumeratione
1219 2210 1297 2273 omi-

107 2317 187 2381 serit
209 2323 240 2381 et
265 2335 363 2401 quam
388 2315 596 2402 indiligenter
620 2337 657 2382 ac
677 2315 896 2403 perfunctorie
918 2314 1070 2379 nonnulla
1099 2314 1297 2380 tractaverit.

107 2419 232 2486 Iudicio
254 2430 324 2487 esto
348 2422 375 2486 is
400 2423 468 2507 ipse
497 2421 586 2487 locus
609 2423 641 2487 in
667 2443 730 2508 quo
754 2440 941 2487 versamur:
974 2421 1030 2502 θψὲ
1049 2426 1108 2486 τῶν
1139 2419 1295 2498 ὀλυμπια-

107 2527 184 2603 δων,
220 2525 349 2611 iuquil,
394 2527 559 2604 Αἰγύπτου
595 2528 649 2604 ἤδη
685 2526 941 2610 ςεφανουμθνης,
978 2524 1074 2611 idque
1112 2525 1223 2591 scribit
1257 2524 1297 2590 de

108 2630 296 2719 Olympiade
317 2632 441 2708 CXLV,
466 2633 560 2698 aunis
584 2633 716 2698 circiter
737 2632 886 2698 ducentis
909 2639 984 2697 ante
1002 2630 1077 2697 uin.
1127 2632 1206 2696 Toto
1230 2651 1296 2696 sae·

107 2736 179 2801 culo
203 2745 297 2801 autea
325 2739 498 2826 Aegyptios
521 2737 703 2803 decertasse
728 2735 895 2825 Olympiae
926 2736 1006 2801 satis
1027 2744 1162 2801 constat.
1209 2747 1296 2817 Περι-

106 2842 199 2919 γὲνης
233 2840 454 2922 Ἀλεξανδρεύς
485 2844 518 2906 in
553 2841 677 2906 tahulas
711 2839 895 2928 Olympicas
929 2841 1031 2907 victor
1064 2849 1214 2925 receptus
1248 2850 1296 2907 est

107 2944 233 3034 Olymp.
256 2945 407 3011 CXXVII.
434 2955 465 3012 et
489 2945 604 3011 deiude
628 2945 808 3031 complures
832 2945 898 3011 alii.

152 3052 199 3117 Ex
228 3053 288 3125 iis,
320 3073 401 3138 quae
432 3051 647 3116 Philostratus
678 3052 809 3129 omisit,
845 3071 945 3117 tanum
977 3048 1130 3136 supplebo
1156 3048 1195 3114 ad
1225 3047 1294 3113 illu·

107 3156 274 3223 strandam
300 3157 439 3224 athletae
461 3157 669 3232 mammam,
694 3177 789 3242 quem
827 3156 975 3243 Sophiste
1002 3156 1034 3220 in
1068 3157 1173 3242 operis
1202 3156 1294 3220 initio

107 3283 138 3349 p.
167 3268 207 3340 l,
233 3267 263 3328 4.
289 3264 428 3340 extollit,
454 3263 507 3328 uhi
531 3262 628 3327 dicit:
655 3264 671 3337 vi
696 3261 799 3329 ποίλαι
823 3264 1002 3344 γυμναςικίι
1028 3261 1177 3335 Μίλωνας
1200 3262 1293 3326 ἐποίει

107 3368 159 3433 καὶ
184 3368 406 3445 Ἱπποσθένεις,
431 3367 702 3446 Πουλυδοίροαντοίς
726 3394 761 3434 τε
786 3368 838 3434 καί
863 3368 1052 3449 Προμοίχους
1076 3368 1127 3433 καί
1153 3372 1293 3432 Γλαῦκον

106 3475 158 3539 τὸν
182 3475 342 3552 Δημύλου.
392 3474 428 3539 Ιιι
461 3473 590 3539 Eusehii
616 3472 783 3538 Chronicis
815 3472 854 3538 ad
889 3470 1110 3561 Olympiadem
1136 3472 1292 3538 XXXVII.

106 3587 300 3645 annotatur:

152 3685 319 3765 Προσετίθη
344 3683 447 3752 ςοίδιον
470 3683 586 3749 παίδων
611 3683 664 3748 καί
689 3682 774 3750 ἕνίκα
797 3683 982 3759 Πολυνείκης
1009 3684 1140 3756 Ἠλεῖος.

150 3791 320 3871 Προσετὲθη
345 3791 397 3856 καί
420 3791 535 3856 παίδων
560 3788 648 3864 πύλη
671 3789 723 3854 καί
748 3789 833 3855 ε’νίκα
865 3789 1060 3863 Ἱπποσθένης
1092 3787 1227 3862 Λύκων,
1261 3786 1292 3863 ὃς

105 3895 253 3961 διαλιπὼν
284 3897 360 3975 μίαν
391 3896 450 3971 τοίς
475 3894 545 3972 {Ede
581 3894 674 3962 πέντε
704 3894 928 3974 Ὀλυροπιοίδας
960 3896 1071 3975 οἰνδροίν
1095 3893 1200 3970 ποίλην
1235 3897 1292 3961 ε’νί-

104 4024 207 4074 κησεν.

157 4105 334 4173 Confirmat
366 4105 445 4171 haec
483 4106 658 4172 Pausanias
681 4105 716 4171 V.
744 4127 807 4170 vni.
833 4110 874 4170 9:
911 4105 1032 4185 Δρίρον
1070 4106 1126 4185 μὲν
1167 4107 1202 4182 δη
1238 4108 1290 4172 καί

105 4210 211 4287 ποίλης
236 4212 321 4286 ἕπε’θη
343 4212 451 4276 παισίν
473 4207 556 4277 οἰθλα
586 4212 637 4276 ἒπί
669 4220 723 4287 τῆς
749 4211 883 4290 ἑβδόμης
908 4211 960 4275 καί
984 4221 1145 4292 τριακοτῆς
1170 4214 1292 4292 Ὀλυμ-

105 4314 234 4393 πιοίδος,
259 4317 311 4383 καί
334 4316 528 4391 Ἱπποσθένης
551 4315 795 4396 Λακεδαιμόνιος
815 4314 941 4392 ποίλην,
966 4317 1150 4390 Πολυνείκης
1178 4316 1209 4381 δὲ
1240 4318 1291 4381 τὸν

104 4421 211 4503 δρθροον
246 4423 380 4497 ἐνίκησεν
412 4426 543 4496 Ἠλεῖος.
601 4423 652 4488 llis
677 4420 814 4488 eundem
845 4421 878 4485 in
908 4421 1073 4486 Laconicis
1101 4440 1291 4486 commemo-

106 4535 177 4593 rat:
203 4528 257 4594 lll.
283 4547 351 4596 x111.
378 4533 418 4593 9:
454 4530 496 4609 τῷ
530 4528 560 4592 δὲ
589 4533 787 4609 Ἑτοιμοκλεῖ
816 4527 870 4593 καί
901 4528 985 4608 αύτῷ
1021 4525 1074 4591 καί
1104 4527 1290 4592 Ἱπποσθένει

1008 4640 1020 4675 5
1047 4634 1058 4661 4
