3270 5190
854 440 893 500 tl

281 620 398 694 πόλεως
426 618 527 701 ἐκείνῳ
551 625 607 694 τῆς
632 620 729 691 αὐτῆς
754 615 806 682 κοιί
833 615 1054 697 Στρατονικεὺς
1086 614 1249 697 Ἀριςὲοις,
1273 653 1317 666 -
1342 615 1476 698 ἕβδομος

184 779 186 786 ,
280 724 311 791 δὲ
342 722 532 806 Νικίςροντσς
566 724 600 790 ἐκ
634 729 693 789 τῶν
722 722 772 787 ἕτί
809 719 952 805 ίοολοίττρ
975 721 1107 786 Κιλίκων
1142 721 1225 786 οὐδὲν
1259 729 1323 794 τοῖς
1353 722 1475 800 Κίλιξιν

280 832 375 896 αὐτοῦ
399 832 494 909 μετὸν
518 831 543 895 εί
572 830 616 908 μίν
641 823 699 893 ὅσοι
722 827 765 908 τῷ
792 824 886 906 λόγῳ.
934 831 1052 891 Τοῦτον
1076 826 1127 890 τὸν
1152 826 1343 908 Νικόςροιτον
1368 831 1474 905 νήπιον

279 936 380 1001 ornile
415 933 459 1000 ἔτι
490 936 524 1000 ἐκ
556 936 759 1016 Πρυμνησσοῦ
791 931 883 1013 ansol
916 939 971 1006 τῆς
997 936 1121 1012 Φρυγῶν
1154 929 1296 1012 ἥρσιισοιν
1319 972 1363 984 -—
1387 958 1476 1010 κομι·

278 1040 390 1106 σίὲντοι
414 1040 445 1105 δὲ
468 1041 562 1105 κύτὸν
581 1041 624 1112 εἷς
648 1036 768 1116 Αἰγέος
792 1037 928 1112 ὠνήσκτο
952 1033 1015 1109 tec
1037 1038 1084 1113 δή.
1133 1036 1215 1100 Hine
1240 1037 1382 1122 primum
1408 1039 1475 1104 Eu·

279 1145 409 1210 sebiana
434 1143 591 1228 quaedam
618 1142 783 1209 emendari
807 1140 933 1207 debent.
982 1142 1110 1208 Lacuna
1135 1141 1276 1228 suppleri
1301 1152 1405 1230 polest
1433 1142 1475 1209 ad

279 1249 406 1339 Olymp.
428 1246 545 1314 novt·
560 1250 593 1314 in
618 1248 706 1313 hunc
730 1246 880 1313 modum:

323 1357 477 1431 Ἐκκτοςὶι
502 1357 673 1431 coenonesis
697 1355 844 1435 τετοίρτν.
868 1354 1023 1428 Acontius
1048 1352 1158 1426 Ῥοῗιος
1182 1355 1309 1434 optusus
1333 1354 1449 1424 ςοίδισν,

324 1462 480 1536 Ἐκκσοςίν
504 1462 677 1536 τεντνκοςίν
702 1459 844 1540 τέμνττν.
870 1460 884 1525 ὃ
908 1462 1002 1534 αὐτὸς
1025 1461 1061 1526 τὸ
1085 1459 1234 1540 δεύτερον.

324 1568 478 1642 ‘Excessit
511 1569 680 1642 τεντνκοςὴ
712 1563 798 1641 ἕκτν.
823 1566 837 1630 ὁ
861 1568 955 1639 αὐτὸς
989 1566 1023 1631 τὸ
1055 1566 1172 1646 τρίτον,
1206 1563 1339 1644 Ῥόδιος,
1371 1566 1474 1648 τρίτος

278 1673 338 1754 ἀφ’
362 1672 549 1753 Ἧριικλέονς
574 1671 679 1747 τοίλνν
704 1673 778 1749 ὁμοῖν
806 1670 857 1735 κον)
884 1669 1088 1752 τιονκρσίτιον.

323 1779 479 1851 Ἔκοιτοςὴ
504 1779 676 1853 cerronesi
701 1774 830 1855 ἑβδόμη.
856 1776 1011 1849 Λεωνίδας
1035 1776 1069 1841 τὸ
1093 1775 1240 1857 τέτκρτον
1265 1774 1377 1845 ςιίδιον.
1401 1775 1473 1842 Mo'-

280 1903 326 1953 νος
358 1881 389 1945 δὲ
423 1881 475 1946 nol
512 1871 627 1963 στρῶσις
657 1881 709 1946 ecl
741 1879 896 1962 τέσσοιρνις
920 1879 1145 1961 Ὀλνμτιοίδοις
1169 1879 1322 1963 ςεφοίνους
1347 1881 1472 1962 Ὀλυμ-

279 1985 407 2058 σιοικοὺς
432 1985 500 2067 ἔχει
524 1987 650 2053 δώδεκα.

325 2089 410 2155 Luce
432 2090 551 2156 elarius
575 2100 624 2157 est
647 2090 788 2177 suppleri
813 2097 979 2176 oportere:
1005 2089 1019 2154 ὁ
1044 2091 1138 2164 κύτος
1161 2092 1196 2158 τί
1219 2091 1328 2172 τρίτον.
1362 2092 1474 2182 (Ἀρι-

278 2195 465 2284 caulone)
501 2197 611 2270 Ῥόδιος
643 2198 742 2278 τρίτος
774 2199 837 2278 ἀφ’
859 2195 1046 2277 Ἡροικλέονς
1070 2198 1134 2262 κσὲ.
1184 2197 1266 2261 Tum
1291 2194 1330 2261 ad
1363 2194 1473 2284 Olym·

278 2299 404 2386 piadem
429 2301 621 2367 cxxxvlii.
646 2321 703 2387 pro
727 2299 930 2382 Στρνιτίνικος
955 2300 1094 2383 Κορίνον
1119 2308 1251 2388 apparet
1272 2321 1340 2367 esse
1364 2301 1471 2387 legen·

278 2405 355 2472 dum
378 2406 525 2489 Στροίτων
550 2407 705 2489 Κορρσίνον
729 2416 861 2473 auclore
882 2407 1014 2473 Aeliano
1037 2407 1075 2472 V.
1099 2408 1135 2473 H.
1159 2408 1210 2473 lv.
1238 2413 1294 2474 lli:
1321 2407 1471 2490 Στροίτιον

278 2513 310 2578 δὲ
342 2512 355 2577 ὃ
391 2510 546 2594 Κορρνίνον
570 2551 616 2563 —-
639 2514 854 2592 Ὀλνρκτίοισιν
888 2515 1022 2588 ἐνίκησεν
1055 2513 1153 2598 ἡμέρᾳ
1185 2521 1244 2600 μιᾷ
1277 2513 1381 2590 τοίλνν
1416 2516 1470 2582 κοιί

279 2615 484 2698 τνγκριίτιον.
535 2617 717 2683 Stratonem
745 2618 881 2702 Aegium
904 2619 937 2682 in
961 2617 1116 2683 Achaiam
1142 2619 1298 2704 migrasse
1327 2639 1366 2685 ex
1388 2620 1470 2687 Pau·

278 2721 369 2786 sonia
398 2728 487 2808 patet
511 2723 579 2788 VH.
604 2742 693 2788 xxrn.
720 2728 761 2789 5:
802 2723 860 2793 ςοίι
884 2724 915 2789 δὲ
944 2732 1000 2800 τῆς
1032 2722 1151 2798 πόλεως
1178 2725 1312 2814 (Αἰγίου)
1338 2726 1470 2801 τλνσίσν

278 2827 400 2904 ἕτοιὴίν
436 2828 595 2910 Στροίτωνι
631 2830 750 2913 ιίίλντῇ
782 2829 999 2909 Ὀλνμτίιοσιν
1040 2829 1091 2896 ἕτί
1126 2831 1242 2913 ἡμέροις
1277 2838 1333 2906 τῆς
1369 2834 1468 2910 οιύτῆς

277 2935 475 3015 ποινκριιτίον
500 2935 551 3001 κοιί
575 2933 682 3008 τνίλνς
706 2935 877 3018 οίνελομένρ
901 2936 998 3009 νίκοις.
1048 2935 1201 3021 Superest
1229 2936 1347 3023 duplex
1377 2958 1469 3004 men·

278 3036 355 3102 dum
381 3037 419 3103 ad
445 3039 624 3128 Olympiad.
648 3040 756 3119 CCIV,
782 3039 836 3106 ubi
857 3061 915 3127 pro
936 3040 1075 3123 Στροίτος
1102 3040 1262 3130 (Στροίτις)
1288 3041 1467 3124 Ἀρνεοίτνς

277 3141 484 3210 manifestum
519 3155 567 3210 est
601 3147 719 3230 corrigi
752 3153 918 3231 oportere:
950 3146 1141 3228 Νικίςροιτος
1176 3145 1348 3226 Αἰνεσίτνς.
1405 3146 1467 3229 Qut

276 3248 429 3312 secundus
451 3251 489 3314 ab
517 3249 653 3316 Hercule
676 3249 739 3317 luit
767 3251 890 3334 Κνίτρσς
917 3253 930 3316 ὃ
955 3257 1097 3332 Ἠλεῖος,
1121 3251 1160 3318 de
1185 3273 1222 3320 eo
1253 3252 1354 3319 multa
1386 3253 1467 3320 Pau·

276 3353 384 3417 sanias
408 3353 445 3418 V.
470 3360 565 3421 xv.4
599 3361 708 3421 et10.
745 3361 920 3423 memoriae
954 3357 1116 3444 prodidit,
1151 3378 1233 3444 quae
1268 3353 1340 3426 vide
1380 3357 1466 3448 apud

275 3457 393 3544 ipsum.

321 3563 432 3630 Viotor
467 3565 666 3654 Olympiadis
687 3567 835 3634 CLXXII.
869 3568 1087 3655 Protophanes
1120 3571 1238 3635 iterum
1272 3589 1465 3636 commemo·

274 3677 368 3736 ratur
400 3691 419 3736 a
454 3672 613 3738 Pausania
643 3674 722 3739 etl.
748 3693 840 3740 xxxv.
866 3678 903 3740 6:
939 3677 1090 3754 Μάγνησι
1114 3683 1178 3750 τοῖς
1201 3676 1252 3741 ἐτί
1273 3678 1315 3758 τῷ
1339 3676 1465 3760 Aulula

274 3775 481 3858 Πρωτοφοίννς
514 3785 572 3844 τῶν
604 3780 685 3848 atem
723 3776 780 3867 (εἷς
811 3781 870 3844 τῶν
902 3781 1030 3869 οίςῶνί)
1062 3782 1202 3848 οίνείλετο
1235 3783 1264 3847 ἕν
1296 3783 1464 3868 Ὀλνμτίρι

273 3880 361 3954 νίκιις
386 3883 484 3966 ἡμέρᾳ
505 3892 566 3968 μιᾷ
590 3887 788 3967 τοινκροιτίσν
809 3885 861 3952 eol
891 3886 1007 3962 τοίλνς.

319 3985 537 4052 Nicostratum
567 3990 619 4055 τὸν
642 3989 746 4068 ίνδίον
776 3993 837 4074 ἀφ’
861 3991 1045 4074 Ἡριικλέοιις
1070 4000 1324 4059 commemorant
1349 3991 1463 4060 [uola-

274 4111 336 4158 nus
366 4098 398 4158 et
428 4091 657 4172 Quintilianus.
707 4096 765 4161 Hic
798 4099 830 4162 in
866 4099 989 4166 Institi.
1025 4096 1111 4164 Orat.
1137 4099 1175 4164 ll.
1201 4103 1242 4166 8:
1280 4097 1327 4164 »si
1363 4096 1464 4166 luerit

272 4197 328 4284 qui
359 4195 527 4265 docebitur
557 4199 631 4279 ille,
656 4223 747 4287 quens
770 4203 977 4271 adolescentes
1006 4225 1109 4271 senem
1132 4204 1336 4294 viutmos1),
1368 4203 1461 4272 Nioo·

271 4391 511 4409 *fl

321 4509 348 4590 1)
368 4524 437 4574 Vicit
456 4523 612 4577 Nicostratus
642 4529 781 4598 imperante
795 4530 901 4581 'Tiberio
923 4529 1065 4596 Olympiade
1087 4533 1164 4586 cclv..
1192 4548 1215 4583 r.
1238 4530 1283 4584 37.
1306 4535 1365 4596 post
1383 4531 1460 4591 ohe,
