3270 5190
905 411 946 478 11

332 609 371 659 ex
394 590 510 657 Atticis
547 597 704 676 qnantum
735 588 802 655 solo
835 587 915 653 istae
942 584 1087 652 maculae
1120 604 1231 652 omnes
1257 583 1387 651 tandem
1417 585 1526 658 alutae

332 703 428 773 sunt,
453 697 548 761 etiam
580 715 616 760 ex
642 695 821 760 Atticorum
849 688 1068 758 imitatoribus
1092 689 1264 776 aliquando
1289 689 1462 772 elocutor,
1488 702 1527 760 ut

332 799 416 886 apud
442 800 540 866 solam
562 799 683 866 faecem
713 799 909 884 scriptorum
933 796 1128 863 Graecorum
1160 802 1360 862 remaneant.
1410 796 1525 863 Grauis

331 905 434 990 igitur
477 906 547 971 eius
591 924 681 970 error
718 911 766 969 est
804 903 859 988 qul
900 900 1093 966 Philostrato
1138 900 1331 982 πορισάμενος
1368 900 1525 968 obtrudit.
1604 923 1606 927 ·

332 1009 433 1091 Quam
464 1030 558 1095 saepe
589 1017 700 1091 ποριεῖν
725 1017 754 1074 et
788 1008 953 1088 ποριεῖσθαι
980 1007 1013 1070 in
1045 1004 1219 1072 cuiuslibet
1250 1006 1366 1072 aetatis
1390 1007 1524 1093 scripto·

330 1112 423 1179 ribus
449 1116 603 1180 occurrit.
651 1114 772 1181 Verum
798 1132 902 1199 neque
923 1111 1036 1177 Editor
1059 1130 1164 1196 neque
1185 1111 1297 1199 blynas
1322 1130 1426 1197 neque
1445 1112 1525 1178 Bur·

331 1218 468 1297 novius,
503 1220 598 1286 ouius
628 1220 777 1284 vitiosam
814 1217 992 1282 doctrinam
1031 1215 1151 1281 Gallica
1186 1217 1337 1281 iuventus
1373 1215 1524 1293 imbibit,

331 1320 451 1388 formas
484 1324 621 1391 Graecas
654 1322 768 1410 probas
796 1343 833 1388 ac
866 1340 1002 1387 sanasa
1030 1319 1117 1387 salsis
1146 1329 1178 1388 et
1201 1321 1383 1407 depravatis
1407 1319 1524 1387 distin·

332 1447 431 1513 guero
456 1438 599 1516 possunt.
648 1429 760 1515 ltaque
784 1436 840 1494 aut
865 1426 984 1492 formas
1009 1424 1101 1490 nibili
1125 1445 1183 1491 suo
1205 1434 1261 1492 aut
1287 1424 1392 1491 alieno
1415 1445 1525 1492 errore

332 1541 426 1599 natas
457 1542 579 1600 temere
600 1533 750 1620 probatas
775 1531 973 1609 admittunt,
1005 1537 1061 1596 aut
1091 1529 1320 1596 Graeculorum
1356 1531 1525 1596 vitiosissi-

332 1657 420 1704 mam
450 1642 607 1716 συνήθειαν
637 1637 881 1723 Antiquioribus
917 1637 1027 1701 invitis
1060 1633 1231 1710 albicant,
1268 1644 1324 1702 aut
1359 1636 1525 1703 contrario

333 1760 443 1808 errore
464 1742 583 1808 formas
605 1743 790 1808 Homeritas
814 1751 846 1808 et
867 1741 942 1806 olim
970 1739 1126 1806 obsoletas
1152 1740 1309 1807 invehunt
1341 1743 1372 1807 in
1402 1742 1525 1808 Attico

332 1864 407 1911 rum
435 1856 467 1912 et
499 1849 725 1913 Atliolstarum
751 1848 947 1921 orationem,
984 1864 1066 1931 quae
1091 1845 1138 1912 sic
1164 1844 1351 1911 ioculariter
1383 1865 1525 1912 comma·

333 1950 472 2017 culatur.
520 1953 607 2018 Dabo
630 1953 785 2039 quaedam
810 1976 846 2021 ex
870 1950 1062 2017 Philostrato
1086 1949 1243 2036 exempla.
1286 1949 1435 2016 Vidimus
1459 1952 1524 2019 iam

334 2064 428 2121 antea
465 2055 573 2124 doctos
609 2059 755 2125 homines
785 2059 921 2145 Epicuro
958 2055 1103 2138 ἔγάεσάαι
1136 2074 1335 2140 concoquere
1372 2058 1525 2141 potuisse

333 2161 411 2246 Pag.
437 2166 490 2228 bl.
526 2163 655 2230 editur:
688 2167 870 2247 Ναύκρατις
904 2158 953 2228 οὖν
993 2161 1190 2243 ἀνερρέάν,
1226 2159 1282 2226 sed
1317 2159 1450 2226 Veteres
1485 2160 1525 2227 ad

333 2285 435 2332 unum
465 2288 577 2334 omnes
608 2289 734 2336 summa
758 2269 939 2335 constantia
970 2269 1090 2350 ρ’άῆναι
1119 2265 1270 2331 dixerunt
1299 2283 1337 2329 cx
1367 2269 1524 2347 προρρνάῆ-

334 2395 405 2446 νοω,
441 2376 661 2453 προσρνάῆνωι,
697 2377 897 2456 ἀναρρηθῆναι
925 2380 986 2438 cet.
1037 2370 1114 2437 Sero
1148 2371 1217 2435 nali
1243 2368 1392 2435 Graeculi
1416 2391 1525 2457 coepe·

334 2486 413 2542 runt
437 2478 552 2558 ἕρράάνρν
576 2478 704 2556 dicere,
738 2486 774 2543 ut
805 2480 959 2559 αἱρεθῆναι
984 2483 1016 2540 et
1040 2477 1203 2556 οὑρεάῆναι.
1251 2474 1319 2540 Non
1352 2481 1401 2541 cst
1428 2474 1524 2541 Grae-

334 2600 409 2646 cum
434 2580 517 2666 quod
542 2581 662 2667 legitur
688 2603 719 2669 p.
743 2589 797 2649 50.
822 2585 874 2649 τάν
897 2580 1020 2662 αὐχένα
1044 2578 1262 2661 κεκρατάσά
1271 2605 1311 2658 ω,
1336 2579 1390 2647 sed
1413 2579 1520 2659 νιεκρά·

333 2685 440 2752 σάνιω.
497 2686 649 2752 Eiusdem
682 2685 936 2774 larinaoatque
970 2685 1165 2768 πορισάμενος
1201 2692 1250 2749 est
1283 2683 1367 2770 quod
1401 2683 1519 2768 legitur

333 2811 364 2876 p.
385 2793 444 2855 ινιτ
481 2790 654 2871 Διααριτάοι
676 2792 707 2858 δὲ
730 2789 811 2870 άμως
833 2790 864 2858 οἵ
881 2818 917 2860 τε
934 2793 1002 2857 καθ’
1027 2787 1058 2855 ἓν
1085 2787 1387 2868 ἀγωνισάμενοι
1415 2792 1520 2855 ταῦτα

334 2895 387 2962 καὶ
411 2898 437 2962 οἱ
463 2897 537 2976 ὁμοῦ
562 2895 680 2962 πάντοι.
728 2896 903 2963 Barbarum
929 2904 978 2964 est
1006 2895 1248 2976 dyscolorum,
1272 2914 1330 2980 pro
1353 2915 1416 2982 quo
1439 2897 1522 2974 ἀγω-

334 3001 480 3080 νιοάμενοι
513 3002 753 3086 reponendum,
786 3012 821 3068 ut
859 3003 969 3068 statim
1004 3008 1076 3087 post
1107 3002 1158 3067 τάν
1188 3000 1245 3079 μὲν
1280 3000 1315 3076 δὴ
1348 3001 1525 3067 άπνιιτεά-

335 3129 449 3171 σοντα
476 3127 532 3190 prc
558 3107 774 3174 ὁπλιτεύοντον.
827 3107 925 3173 Recte
953 3106 1072 3191 legitur
1103 3126 1132 3192 p.
1152 3112 1214 3184 50,
1240 3109 1299 3169 15:
1333 3106 1347 3169 ά
1379 3106 1410 3171 δὲ
1432 3105 1525 3188 ἀριςω

335 3209 696 3290 δολιχοδρομήσων
719 3213 789 3284 τοὺς
813 3211 870 3290 μὲν
896 3213 993 3290 ὤμους
1017 3209 1070 3276 καὶ
1094 3211 1145 3275 τάν
1173 3209 1296 3291 αὐχένα
1330 3213 1524 3292 κεκρωτάσάω

339 3311 474 3401 (dade),
499 3321 586 3399 etp.
610 3320 671 3393 tc,
698 3321 733 3382 1:
765 3321 877 3395 ’Ίωμεν
901 3317 951 3382 ἐπὶ
975 3315 1046 3389 τοὺς
1071 3314 1377 3393 παλαίσοντας,
1401 3325 1433 3381 ct
1458 3335 1526 3403 pas·

337 3421 410 3486 sim.
462 3419 618 3485 Similiter
650 3419 893 3487 confunduntur
916 3421 948 3486 in
982 3418 1165 3507 apographo
1194 3426 1226 3484 et
1251 3419 1283 3484 in
1313 3420 1427 3509 blynac
1461 3421 1526 3487 edi·

336 3525 425 3592 tione
445 3532 504 3590 τῶν
537 3525 767 3604 ἀγωνιουμένων
798 3534 830 3592 ct
859 3527 918 3592 τῶν
946 3525 1175 3607 ἀγωνιζομένων
1207 3544 1236 3609 p.
1263 3529 1325 3603 48,
1353 3529 1404 3591 18.
1453 3525 1527 3593 Sac-

337 3632 411 3718 pius
438 3625 579 3695 recurrit
613 3629 763 3696 vitiosum
793 3633 974 3706 άνιισάαάνω,
1008 3630 1106 3696 veluti
1134 3650 1162 3715 p.
1185 3633 1248 3695 te:
1281 3627 1367 3708 ἀγαν
1402 3632 1526 3698 ὑπολι-

338 3737 494 3802 σάοιάνων
519 3742 552 3800 cl
580 3755 612 3820 p.
637 3738 699 3802 66:
725 3736 938 3810 δνσπάλαιςάς
962 3761 998 3801 τε
1021 3735 1073 3800 καὶ
1098 3734 1445 3814 διολισθαίνοντες,
1470 3736 1526 3802 sed

338 3850 405 3907 tam
435 3859 532 3926 prava
553 3839 632 3906 baec
664 3851 740 3908 sunt
762 3861 799 3908 ac
822 3842 849 3905 si
881 3841 954 3927 quis
984 3840 1154 3920 νιοιμβαάνω
1177 3839 1271 3906 vellet
1301 3838 1418 3906 dicere.
1467 3841 1527 3908 lle·

338 3965 421 4032 pone
445 3945 652 4011 doocrcldoeo
675 3954 707 4012 el
736 3946 984 4019 διολισθάνοντες.
1032 3942 1122 4024 Quod
1155 3942 1274 4035 legitur
1304 3965 1336 4030 p.
1363 3951 1424 4012 70:
1449 3945 1526 4026 ξυγ-

339 4052 496 4133 κιρνάσάαι
529 4048 685 4115 Graecum
719 4053 782 4117 erit
813 4053 839 4116 si
865 4058 1036 4118 accentum
1061 4048 1261 4126 correxeris,
1293 4048 1525 4132 ξογκάρνασάαι.

341 4154 446 4223 Semel
469 4164 501 4220 et
526 4154 644 4219 ilerum
670 4156 810 4221 recurrit
843 4157 1095 4238 ἀτερσιτάσαντορ
1126 4175 1157 4240 p.
1178 4158 1245 4231 81,
1271 4159 1323 4219 11.
1347 4162 1381 4220 el
1405 4159 1470 4233 86,
1495 4160 1526 4221 1.

339 4263 394 4334 sed
420 4260 612 4329 Graecitatis
644 4271 676 4326 et
706 4259 852 4346 analogia
879 4270 911 4328 et
934 4269 1109 4348 perpetuus
1141 4279 1219 4325 usus
1252 4260 1373 4344 pariter
1407 4262 1528 4343 ὑπερσι-

339 4377 403 4438 τεάν
428 4369 617 4455 requirunt,
650 4374 686 4432 ul
709 4368 849 4446 ἀσιτεῖν,
880 4372 1070 4447 μονοσιτεῖν,
1102 4371 1308 4447 παρασιτεῖν,
1343 4363 1416 4432 alia.
1465 4367 1527 4440 Ila·

341 4495 404 4562 que
428 4474 687 4556 άπερσιτάσοινσεο
716 4470 887 4557 utrobique
917 4469 1165 4538 restituendum.
1213 4467 1327 4536 Nescio
1351 4471 1429 4558 quid
1453 4470 1554 4552 cdl,
