3270 5190
691 427 730 487 15

123 612 165 657 un
199 593 305 660 verbe.
361 594 421 660 i’ai
447 594 570 673 choisi,
603 594 860 662 coniormdmeut
894 614 958 660 aux
994 597 1153 684 exemples
1188 601 1309 673 donnes

121 717 179 785 par
210 699 240 764 ie
278 697 388 764 Tro'sor
419 721 448 765 v.
480 702 616 782 'Operis’
664 699 865 767 Ridebantur
898 700 983 786 apud
1016 710 1140 770 veteres
1174 706 1220 772 illi
1252 712 1309 795 qui

120 813 222 872 artem
248 805 488 891 imperatoriam
512 827 573 872 non
596 826 634 872 ex
656 806 812 871 diuturno
834 804 908 871 beili
934 826 995 872 usu
1024 806 1079 873 sed
1102 830 1140 876 ex
1165 812 1309 880 Tactioo-

119 929 194 974 rum
229 912 472 976 commentariis
504 913 611 978 subito
644 909 835 995 colligebant
872 930 972 995 quum
1006 924 1137 999 repente
1170 936 1210 982 ex
1241 920 1309 985 vita

120 1015 243 1080 urbana
277 1023 308 1082 et
344 1015 463 1083 sorensi
494 1037 562 1084 rem
602 1016 776 1084 militarem
814 1017 999 1101 attigissent
1032 1026 1063 1083 et
1091 1023 1242 1102 ςοοιπννοὶ
1272 1026 1307 1090 ἐκ

118 1122 246 1200 βιβλίον
271 1121 534 1208 appellabantur,
569 1123 673 1209 qualis
697 1120 758 1186 luit
780 1121 954 1207 imperator
983 1122 1103 1190 Cicero.
1151 1126 1309 1195 Similiter

119 1229 173 1313 qui
206 1228 239 1292 in
269 1247 305 1293 re
340 1227 459 1294 tirilica
483 1249 521 1294 ex
547 1228 655 1315 aliquo
679 1225 840 1293 Glossario
866 1236 922 1293 aut
948 1228 1111 1295 Thesauro
1136 1234 1219 1318 sapit
1243 1254 1307 1300 non

119 1331 198 1399 solet
233 1353 301 1398 rem
325 1331 406 1399 bene
437 1354 560 1418 gerere.
609 1331 692 1413 Quid
717 1331 847 1398 tandem
877 1333 939 1399 sibi
966 1334 1034 1399 vult
1061 1336 1093 1400 in
1121 1337 1175 1402 tali
1200 1359 1234 1405 re
1261 1344 1305 1406 d·

117 1441 177 1516 γὴν
199 1448 316 1515 ποιεῖν,
340 1438 426 1524 qnod
450 1438 614 1524 significat
637 1439 719 1503 iram
746 1458 888 1516 movere,
916 1441 1098 1506 concitore?
1131 1441 1200 1507 Nisi
1223 1442 1306 1512 lorte

118 1542 264 1609 confudit
283 1543 398 1610 Editor
416 1547 508 1625 ὀργὴν
529 1552 625 1611 ποιεῖν
647 1551 679 1610 et
700 1544 792 1625 ὀργὴν
810 1546 975 1619 colereter,
997 1544 1091 1612 idest
1114 1546 1305 1629 ὀργίζεσθαι,

118 1668 200 1735 quae
232 1656 280 1716 est
307 1648 494 1734 pervulgata
519 1649 739 1736 periphrasis,
771 1658 808 1715 ut
833 1650 864 1716 in
898 1649 995 1716 Novis
1025 1650 1231 1718 Lectionibus
1255 1674 1305 1719 co·

117 1755 206 1839 piosa
237 1752 447 1822 ostendimus.
496 1755 602 1823 Vertit
630 1756 736 1821 enim:
775 1756 857 1821 »Les
893 1754 951 1819 lois
982 1759 1142 1823 meliorent
1166 1757 1204 1824 o'e
1235 1759 1304 1824 leur
1334 1783 1336 1791 ι

116 1859 237 1936 coi-ere,
272 1878 396 1925 comme
420 1860 595 1946 sacrilege,
620 1858 702 1926 celui
726 1861 782 1945 qui
812 1859 882 1926 vole
905 1880 946 1925 ou
970 1863 1026 1946 qui
1050 1863 1124 1946 gare
1155 1883 1198 1928 un
1219 1863 1305 1949 objet

115 1962 186 2029 d’or
207 1983 246 2029 ou
272 1963 420 2049 d'argent
441 1968 594 2032 consacrd
618 1986 682 2032 aux
706 1964 835 2032 dieux.''
881 1964 968 2030 Nihil
996 1966 1112 2033 horum
1142 1989 1181 2035 ex
1206 1968 1303 2036 Grae·

115 2071 162 2135 cis
186 2069 293 2136 verbis
316 2069 459 2156 exsculpi
485 2090 577 2157 posse
604 2079 751 2156 apertum
776 2078 835 2135 est.
881 2070 996 2157 Mynae
1020 2064 1187 2138 inventum
1211 2077 1303 2156 oppia

114 2179 140 2241 ci
174 2176 256 2255 νόμον
280 2218 325 2231 -
349 2175 520 2253 ἕποὶγονοιν
555 2176 651 2241 etiam
687 2173 849 2240 infelicius
881 2173 1088 2261 deteriusque
1124 2185 1192 2255 est,
1227 2197 1301 2244 nam

114 2289 210 2348 ποιεῖν
237 2283 329 2362 ὀργήν
359 2279 516 2346 Graecum
551 2289 621 2360 est,
658 2282 748 2363 ὀργὴν
777 2277 909 2357 cetero
939 2289 1083 2346 nonest.
1131 2282 1303 2350 Praeterea

114 2386 191 2472 quid
215 2393 264 2453 cst
284 2388 315 2452 ἐν
339 2386 520 2467 ἱεροονιιίοιιο
546 2387 606 2452 do?
654 2386 827 2472 interpreti
851 2384 980 2450 vitietur
1006 2385 1089 2452 idem
1115 2407 1184 2453 esse
1204 2396 1302 2475 atque

113 2495 264 2576 ἱερόσυλος
283 2495 341 2570 ὤν,
367 2491 450 2579 quod
475 2493 547 2578 quis
569 2490 741 2579 probabit?
790 2489 880 2570 Quod
912 2492 1106 2576 excogitavit
1133 2493 1246 2581 illynas
1273 2497 1300 2561 ci

113 2599 196 2680 νόμον
228 2602 254 2666 οἱ
290 2598 357 2681 περὶ
385 2596 593 2677 ἀναθημάτων
623 2598 675 2663 aad
706 2599 737 2663 ἕν
761 2596 943 2678 ἱεροσυλίοιις
972 2596 1055 2672 ὄντες
1083 2597 1177 2664 nihili
1213 2620 1299 2666 com·

112 2713 258 2770 mentum
287 2724 357 2770 esse
388 2712 420 2769 et
455 2723 552 2769 sensu
584 2702 677 2789 plane
709 2722 847 2769 vacuum
877 2704 1084 2788 perspicuum
1118 2712 1203 2798 est..
1234 2705 1299 2770 Hoc

112 2817 200 2876 certe
225 2830 310 2875 nunc
334 2809 464 2875 evidens
487 2817 518 2874 et
543 2806 751 2874 manifestum
783 2815 832 2873 est
860 2807 1045 2874 alterutram
1075 2808 1137 2874 1οοί
1162 2811 1299 2895 scriptu·

112 2934 182 2980 ram
208 2912 431 2981 fraudulenter
462 2933 531 2979 esse
559 2914 767 3000 suppositam.
816 2911 877 2976 Vix
905 2932 985 2997 opus
1013 2922 1061 2980 est
1084 2914 1191 2981 dicere
1218 2915 1299 2980 mihi

112 3026 285 3105 utramque
313 3020 572 3087 commenticiam
601 3038 669 3084 esse
693 3017 806 3082 videri.
859 3014 943 3096 Quid
977 3018 1010 3082 in
1044 3019 1158 3086 Codice
1187 3040 1298 3086 exara·
1372 3083 1374 3087 .

111 3133 181 3191 tum
213 3126 255 3191 sit
291 3135 347 3192 aut
375 3126 451 3192 oiim
486 3124 583 3191 luerit
619 3143 713 3190 nemo
745 3121 917 3187 divinando
954 3134 1156 3210 assequetur.
1214 3125 1298 3207 Quid

110 3233 272 3298 sententia
294 3232 357 3298 ioci
380 3239 411 3298 et
429 3231 616 3318 compositio
641 3237 697 3296 aut
724 3227 807 3295 serat
831 3236 887 3294 aut
917 3232 1062 3315 requirat
1086 3251 1160 3296 mox
1191 3230 1297 3298 dicam

110 3345 279 3423 postquam
319 3339 478 3424 reliquam
518 3334 580 3401 loci
611 3345 736 3422 partem
775 3333 1006 3413 emendavero,
1042 3356 1181 3424 namque
1218 3337 1297 3404 haec

109 3442 240 3528 quidem
271 3444 437 3510 emendari
462 3450 574 3530 potest.
622 3441 809 3507 Mendosum
835 3447 884 3506 est
910 3439 1059 3523 ςὲφουοιε
1094 3441 1171 3529 quid
1197 3444 1229 3508 in
1259 3463 1297 3510 eo

108 3547 206 3614 lateat
230 3551 372 3635 reperies
396 3549 451 3614 ubi
476 3569 512 3615 ea
536 3548 742 3614 coniunxeris
760 3564 842 3630 quae
861 3544 975 3611 Editor
996 3547 1079 3612 male
1097 3547 1296 3633 distinguen-

109 3652 149 3719 do
170 3653 366 3721 obscuravit.
392 3655 460 3720 Uno
478 3662 587 3720 tenore
609 3648 825 3718 continuanda
846 3658 923 3716 sunt
949 3651 1104 3740 (ςέφονοι)
1129 3654 1161 3718 δὲ
1179 3653 1295 3720 'Acin-

108 3773 200 3834 λωνος
223 3760 240 3829 d
264 3761 468 3838 Ποσειδῶνος,
495 3760 567 3841 ὑπὲρ
588 3756 622 3824 οὗ
644 3757 696 3824 ool
720 3755 809 3822 οιύτοί
830 3781 865 3820 τε
889 3757 914 3821 οἱ
943 3756 999 3821 deci
1026 3757 1116 3837 μένον
1137 3757 1295 3836 blancam,

107 3862 198 3930 daero
221 3866 278 3944 μὲν
308 3867 522 3944 ἀποδίδοσθαι,
545 3863 637 3930 daeo
669 3863 699 3928 δὲ
724 3861 873 3928 ὥνεῖοθοοι.
923 3860 1135 3949 Perspicuum
1168 3865 1216 3931 sic
1247 3872 1296 3931 est

108 3989 166 4054 pro
204 3972 333 4054 ςέφονοι
373 3972 496 4057 requiri
536 3992 669 4048 νιοινιοιι,
705 3966 789 4054 quod
823 3965 996 4032 verborum
1032 3969 1227 4037 dnoiebociot
1263 3978 1296 4038 et

15 4135 17 4140 ,
108 4078 244 4142 onetatas
270 4078 312 4144 sit
336 4076 496 4142 obiectum
533 4083 565 4142 et
590 4094 653 4161 quo
688 4075 761 4154 ὑπὲρ
792 4068 827 4137 οὗ
859 4071 1029 4140 reseratur.
1078 4075 1168 4156 Quod
1194 4096 1295 4162 quum

110 4178 189 4244 mihi
213 4180 362 4258 dederis,
395 4202 458 4247 non
485 4180 542 4247 diu
573 4199 708 4266 quaeres
737 4177 821 4265 quod
845 4198 962 4245 nomen
989 4181 1033 4245 sit
1063 4181 1295 4266 reponendum.-

108 4282 193 4364 outa
217 4294 287 4352 erat
311 4288 396 4373 quod
420 4288 551 4374 impune
574 4285 755 4354 vendebant
784 4283 997 4370 emebantque
1028 4292 1060 4351 et
1084 4285 1122 4352 de
1146 4306 1210 4373 quo
1234 4287 1296 4372 ipsi

105 4391 156 4456 Dii
184 4411 300 4476 magno
326 4415 420 4480 opere
441 4392 644 4461 contendisse
673 4390 852 4458 dicuntur?
889 4390 1009 4478 Nempe
1033 4390 1139 4478 palma
1162 4392 1295 4473 nobilis,

105 4498 290 4582 ὁςέφοονος.
341 4501 468 4588 Repone
492 4499 615 4587 igitur:
655 4499 827 4583 ςὲφοινον
861 4499 916 4577 δὲ,
950 4499 1024 4580 ὑπὲρ
1059 4495 1093 4566 οὗ
1123 4498 1176 4566 aci
1207 4500 1294 4569 οούτοὶ
